885 1246
195 49 228 65 20⁶
491 51 574 64 unimus

194 78 269 100 debere,
285 83 403 102 quocumque
417 77 438 96 in
452 83 505 99 casu,
516 77 538 96 ut
548 82 570 96 eo
579 76 677 102 imposiw,
688 82 774 102 congrua
787 77 865 96 minime

194 107 290 133 supersim
307 107 363 132 idque
377 107 414 126 etsi
428 107 562 126 beneficiarius
580 107 667 132 pensioni
681 106 809 132 imponendae
822 113 866 126 oon-

194 138 292 157 sensisset.
308 137 382 156 Lotter.
392 137 415 156 de
431 137 493 162 benef.
510 137 544 156 lib.
557 137 569 156 1
576 143 620 163 cap.
631 137 646 156 5
659 143 719 157 num.
728 136 771 157 424
785 140 804 156 et
812 136 833 156 S.
845 138 864 157 G.

195 169 217 187 in
235 167 331 187 Arbor-en.
347 167 458 186 Pensionts
468 166 496 188 21
515 166 635 193 Septembris
650 167 705 186 1816
718 168 738 192 ἓ.
752 167 864 188 Quatenus.

193 197 275 220 Verum,
290 197 449 223 quemadmodum
464 197 504 223 ipse
518 197 643 223 Praepositus
660 197 753 220 declarat,
769 197 786 216 si
801 197 865 223 adige-

194 228 248 247 retur
261 227 285 247 ad
299 227 411 247 solvendam
421 227 540 253 pensionem,
554 227 621 247 habito
634 228 722 253 respectu
736 227 862 253 plurimorum

194 259 328 284 vectigalium.
343 264 392 284 quae
406 264 417 277 a
432 258 525 283 gubernio
534 257 632 277 Ecclesiae
641 258 696 277 bonis
711 257 803 283 imposita
812 259 864 281 sunt,

158 307 161 310 ‚
193 295 278 315 congrua
292 294 326 315 pro
341 288 401 314 ipsius
414 288 496 307 honesta
510 288 651 307 sustentatione
661 287 757 307 deficeret.

235 320 356 346 Quapropter
370 319 429 339 Cone.
449 319 503 338 Trid.
525 318 576 338 Sess.
591 318 619 339 24
635 324 679 344 cap.
696 318 723 338 13
741 318 765 337 de
779 319 864 344 reform.

193 350 259 370 sanxit
273 351 296 369 ut
309 349 429 376 parochiales
444 349 542 368 Ecclesiae
555 356 604 374 quae
618 355 722 368 summam
743 349 865 369 ducatorum

193 383 285 401 centum,
299 379 404 399 secuudum
418 385 486 398 verum
507 385 593 398 annuum
607 379 701 402 valorem,
712 385 751 398 non
762 380 865 403 excedunt,

194 410 254 429 nullis
268 409 392 436 pensionibus
407 409 426 428 in
441 410 539 435 posterum
547 410 660 434 graventur.
676 408 730 431 Quod
744 409 844 429 decretum
853 416 866 429 a

193 440 298 459 Benedicto
319 439 366 459 XIII
387 439 408 458 in
426 441 487 458 const.
500 439 604 460 -Quanta
619 439 736 464 pastoribus
754 450 767 454 -
783 439 825 458 diei
841 439 868 458 15

195 470 317 496 Septembris
330 469 395 491 1724,“
401 469 516 495 ampliatum
525 468 562 488 fuit
572 469 628 488 iuxta
643 469 727 488 edictum
742 468 812 488 Innoe.
824 469 871 488 XII

194 500 226 519 die
242 499 268 519 11
283 499 400 519 Novembris
415 498 471 519 1692
480 499 509 518 ita
518 498 600 522 scilieet,
612 500 634 518 ut
643 499 698 518 nullo
712 499 768 518 modo
782 499 867 527 locorum

194 529 301 552 Ordinarii,
311 531 345 548 aut
358 529 473 555 quicumque
488 529 522 548 alii
537 528 676 554 parochialium
686 529 795 553 collatores,
807 529 868 549 etiam

193 560 357 585 iurispatronalus
372 559 448 578 laicalis
457 559 520 578 dictas
528 559 626 578 Ecclesiae
635 559 758 584 pensionibus
773 561 866 585 gravent,

194 590 293 608 reservata
307 588 371 614 Papae
392 588 486 608 facultate
499 588 575 608 easdem
596 589 696 614 pensiones
717 589 828 615 imponendi
844 591 867 609 in

193 620 284 645 savorem
297 617 406 638 dumtaxat
415 620 436 638 et
450 619 569 638 commodum
579 618 663 639 fabricae
672 625 694 638 ac
708 616 868 639 ornamentorum

194 650 279 675 ipsarum
294 648 441 675 parochialium.
465 648 553 668 Iamvero
567 649 677 674 pensionem
692 649 712 667 in
728 648 814 668 themate
828 656 869 669 non

193 680 214 699 in
235 680 306 699 bonum
326 678 424 698 Ecclesiae
445 679 552 704 collegialis
566 685 589 698 ac
602 678 725 704 parochialis‚
741 679 774 698 sed
785 679 868 699 alterius

193 710 218 729 ab
231 716 254 729 ea
268 709 325 735 plane
334 709 423 729 diversae
437 709 548 729 solvendam
559 715 600 729 esse
609 709 689 734 quisque
698 709 759 728 videt.
771 709 868 731 Quocirca

194 740 254 759 etiam
267 745 292 758 ex
305 739 341 759 hoc
354 739 418 765 capite
425 739 479 759 illius
489 739 586 765 impositio
596 739 650 759 nullo
660 740 701 758 iure
710 740 803 759 sustineri
811 746 868 766 posse

193 769 300 789 videretur.
316 769 369 791 Quae
383 769 460 794 quidem
469 769 557 795 exceptio
566 770 587 789 in
597 769 738 795 parochialibus
748 776 773 789 ex
782 770 869 790 iustissi-

194 805 226 819 ma
240 799 315 818 ratione
330 798 367 818 fuit
387 799 474 823 inducta,
489 805 533 819 eum
547 799 601 819 nulla
621 800 711 819 videatur
724 806 766 819 esse
780 806 814 826 pro
829 800 870 820 Pa-

194 830 251 849 roeho
266 829 329 855 portio
342 829 390 849 satis
404 829 476 855 ampla,
485 830 555 855 quippe
568 830 601 855 qui
615 830 645 849 sui
663 829 729 855 populi
743 831 869 850 necessitati-

194 857 343 886 bus'providere
357 860 454 882 teneatur,
470 860 525 885 eique
539 860 559 879 in
574 860 641 879 multis
661 860 736 879 casibus
750 860 852 879 auxiliari.

234 890 332 909 Daneusm
351 889 460 909 Oecouosss.
476 890 550 910 Contra
564 890 596 909 sed
610 896 656 910 vero
674 890 778 910 Oeoonomi
799 892 869 916 patro-

193 926 230 940 nus
244 920 328 940 sustinet
342 920 391 946 quotl
406 921 512 946 perpensis,
524 922 565 939 tum
579 921 667 946 precibus
678 920 703 940 ab
712 920 760 940 Emo
770 920 869 947 Episcopo

193 950 214 970 S.
230 950 253 970 C.
275 950 298 970 C.
321 950 399 973 oblatis,
417 952 459 969 tum
480 950 532 970 edito
546 957 603 976 super
621 950 689 970 iisdem
709 951 810 977 rescripto,
829 951 869 971 duo

194 979 297 999 manifesto
311 981 448 1006 prorumpunt.
464 980 591 1000 intentionem
613 987 681 1006 nempe
694 980 785 1007 Episcopi
800 983 869 1007 postu-

194 1010 255 1030 lantis
269 1011 391 1036 pensionem,
407 1012 427 1030 et
441 1017 506 1030 sacrae
520 1010 681 1036 Oongregationis
695 1011 806 1036 pensionem
821 1018 870 1031 oon-

193 1041 286 1064 cedentis,
302 1040 356 1060 illam
371 1040 437 1063 fuisse,
449 1041 472 1060 ut
481 1041 522 1060 sive
532 1041 620 1066 paroecia
634 1047 650 1060 s.
662 1041 740 1060 Ioannis
754 1041 870 1061 conferatur

193 1070 214 1089 in
228 1070 315 1094 titulum,
326 1071 368 1090 sive
378 1070 399 1089 in
413 1070 550 1090 Gommendam
564 1070 596 1089 vel
610 1070 768 1094 Oeeonomatum,
779 1077 869 1097 congrua

192 1100 309 1126 parochialis
332 1101 423 1126 pinguior
442 1100 539 1119 evaderet.
562 1100 667 1126 Episcopus
686 1107 769 1126 namque
790 1102 870 1128 pensio-

193 1136 237 1150 nem
258 1130 400 1157 expostulabat,
415 1131 439 1149 ut
452 1130 521 1149 saltem
536 1136 569 1156 pro
589 1132 647 1156 parte
667 1130 763 1150 medelam
785 1131 869 1151 afferret

656 1228 667 1231 t,
672 1220 885 1231 ffl--u—
