885 1246
263 66 409 78 unwrmnnioms
421 66 437 78 ln
449 66 545 78 nummu!
710 62 744 78 {7³

72 91 218 116 inquisitionem
232 90 367 116 postulaverit,
377 97 387 109 e
395 90 489 109 Parochia
499 90 527 109 M.
536 96 593 115 quam
603 90 633 109 uti
642 90 742 109 Par-ochus

73 121 191 144 amovibilis,
201 120 261 146 vulgo
270 120 391 140 Desservanc
405 121 429 140 ab
442 126 493 139 anno
509 119 560 139 1875
576 121 662 145 regebat,
678 120 702 140 ad
717 121 745 140 il-

72 151 112 171 lam
125 150 155 170 G.
171 151 244 177 pariter
262 150 386 170 amovibileln
402 150 497 176 proficisci
514 150 586 169 iussum
603 156 651 169 esse.
672 150 745 170 Huius-

72 181 124 201 modi
138 181 171 200 sed
185 181 299 201 mandatum
313 180 381 206 exequi
400 180 486 200 renuisse
504 180 576 204 subdit,
596 187 619 200 eo
634 181 684 206 quod
701 181 745 200 sine

73 211 114 231 nlla
121 211 196 231 ratione
203 211 318 230 Parochiarn
326 211 382 236 longe
387 211 482 230 minorem
487 210 540 230 adire
547 211 658 236 cogebatur.
670 210 712 233 Qua
720 211 743 230 de

72 248 94 261 re
103 241 193 261 Vicarius
202 241 298 266 'generalis
305 241 403 267 prohibuit
414 241 516 266 quominus
526 240 567 266 ipse
577 241 597 260 in
607 241 702 260 Paroehia
712 241 740 261 M.

73 272 144 291 Missae
158 272 274 291 sacrificium
289 271 363 294 litaret,
378 271 427 297 quod
442 271 495 290 illico
506 277 541 297 per
554 271 641 296 publicas
655 271 746 297 epheme-

73 302 123 322 rides
137 302 158 321 in
172 301 243 327 vulgus
257 302 330 321 editum
344 301 388 321 fuit.
407 301 514 327 Eapropter
530 301 566 321 tali
583 302 644 327 poena
660 301 745 321 afflictus

71 334 136 352 orator
145 332 202 351 enixe
211 333 292 357 rogabat
301 332 486 357 redintegrationem
494 332 515 351 in
524 332 596 351 dietam
607 332 727 351 Paroeciam.

112 362 227 388 Requisitus
242 362 265 382 de
279 368 331 381 more
345 362 450 388 Episcopus
465 368 498 387 pro
513 361 650 381 informatione
659 363 679 381 et
688 363 743 385 voto,

71 393 122 412 datis
136 392 199 412 literis
213 392 252 412 diei
264 392 288 411 10
298 392 412 411 Novembris
428 392 479 411 1879
494 392 570 415 retulit,
586 392 708 411 Sacerdotem
719 392 743 411 L.

72 429 111 442 non
125 422 184 442 semel
198 429 260 448 neque
273 422 303 442 bis
312 429 324 441 a
331 422 371 442 suis
383 422 558 448 praedecessoribus
568 423 592 442 ab
602 428 640 441 una
650 422 673 441 ad
683 422 743 441 aliam

72 453 195 475 Paroeeiam,
211 452 329 472 translatum
348 452 416 475 fuisse,
432 452 481 477 quod
500 452 576 478 quidem
591 458 615 471 ex
631 452 744 472 rationabili

73 489 131 502 causa
145 482 219 502 factum
233 482 292 502 fuisse
307 482 362 502 dicit.
380 482 479 501 Parochus
495 482 582 505 interim,
598 488 657 507 quum
671 488 741 501 novam

72 513 173 532 invisisset
187 512 295 535 ecclesiam,
311 513 332 531 in
346 518 400 531 suam
414 512 478 531 sedem
493 518 588 535 reversus,
604 518 638 538 per
647 512 745 538 antiquio-

72 549 114 562 rem
128 549 152 562 ex
166 542 265 565 parochis,
282 543 383 562 certiorem
398 541 444 561 fecit
457 542 573 568 Episcopum
588 549 608 562 se
623 542 682 562 malle
698 548 745 562 suae

72 573 171 599 paroeciae
178 572 269 592 nuncium
277 572 363 595 mittere,
372 578 429 598 quam
436 579 507 592 novam
514 573 599 592 oblatam
607 579 681 598 regere.
690 573 746 592 Tunc

73 603 193 622 renuntiatio
207 604 250 622 rata
263 603 332 622 habita
346 602 390 626 fuit,
406 602 507 629 assignata
522 604 587 622 tumen
604 603 695 629 pensione
709 610 747 623 an—

72 639 111 652 nua
127 632 178 652 1000
192 633 310 656 libessarum,
319 639 343 652 ex
353 632 412 652 fundo
421 640 456 659 pro
463 633 597 653 Sacerdotibus
611 633 695 653 infirmis
704 636 746 653 sta—

73 664 124 686 tuto,
140 663 269 689 rependenda.
285 662 346 682 Addit
360 663 466 689 Episcopus
479 664 567 683 eumdem
581 663 690 683 Paroohum
700 670 745 683 aere

72 693 136 712 alieno
150 693 209 712 nimis
223 699 263 712 esse
277 694 389 718 gravatum,
405 695 425 713 et
439 693 485 713 licet
499 694 554 713 bonis
568 694 691 719 honestisque
703 700 746 714 mo-

73 724 126 743 ribus
140 723 166 742 sit
180 723 272 746 imbutus,
284 724 350 742 tamen
360 723 424 749 plures
434 730 468 749 per
477 730 545 747 annos,
556 724 604 743 duas
613 724 693 743 iuvenes
702 731 746 744 mu-

58 776 63 780 ,
73 753 130 772 lieres
144 753 195 772 domi
209 753 402 776 retinuisse,-oontra
417 753 555 779 praescriptum
572 754 695 773 dioecesanae
709 754 747 780 Sy-

73 783 127 802 nodi.
346 802 349 806 ,

287 814 414 831 Dum-uu·
424 816 532 832 syn-pue·

113 873 212 892 DEFENsio
226 873 324 893 Pmocm.
341 873 434 893 Defensor
450 874 557 893 orationem
573 880 628 893 suam
644 874 747 893 exorditur

72 903 188 922 owurrendo
202 903 320 926 difficultati,
336 909 385 929 quae
399 903 451 929 apud
464 903 531 923 Gallos
545 904 603 923 obiici
617 904 673 927 solet,
685 904 747 929 Leges

74 939 143 959 nempe
157 934 259 953 canonicas
272 933 293 953 vi
307 933 441 953 conventionis
450 933 503 953 inter
512 934 651 959 rempublicam
661 934 715 953 illam
725 935 746 953 et

74 965 162 983 sanctam
176 963 244 983 Sedem
258 964 362 983 innovatas
376 964 441 983 fuisse.
458 964 512 986 Quod
526 970 583 989 quarn
593 971 605 983 a
614 964 656 983 iure
667 964 745 983 devium

74 994 108 1017 sit,
125 1000 180 1013 nemo
194 995 224 1013 est
238 994 271 1019 qui
285 1000 323 1013 non
337 994 398 1017 videt,
414 994 567 1020 quandoquidem
577 1001 611 1020 per
620 994 691 1014 initam
701 1000 748 1014 oon-

73 1025 186 1044 ventionem
200 1026 270 1047 certat,
288 1025 340 1050 leges
359 1026 462 1045 canonicas
476 1025 535 1045 fuisse
549 1022 680 1045 confirmatas.
697 1025 746 1045 Cum

74 1055 126 1073 enim
141 1055 165 1074 de
179 1055 221 1074 iure
234 1055 347 1074 nominandi
361 1055 454 1081 parochos
468 1061 529 1074 sermo
543 1056 580 1078 est,
597 1057 677 1074 cavetur
691 1061 749 1081 opor-

75 1085 116 1103 tere
131 1085 212 1110 seligere
231 1091 331 1110 pexsonas,
347 1091 398 1110 quas
414 1085 505 1104 ecclesiae
521 1091 608 1104 canones
627 1087 745 1111 requirunt.

74 1114 101 1133 Et
115 1116 217 1140 postquam
231 1114 289 1134 electi
303 1114 382 1138 fuerint,
399 1115 486 1134 sancitur
495 1121 623 1140 quoscumque
631 1117 654 1134 in
664 1117 698 1135 via
707 1115 748 1134 Do-

73 1145 132 1164 mini
139 1146 240 1170 operarios
249 1146 345 1164 canonice
355 1145 498 1164 instituendos.
509 1145 560 1164 Hinc
570 1145 643 1165 factum
653 1151 693 1165 esse
702 1145 749 1164 sub-
