885 1246
199 54 234 71 204
440 58 447 64 ·
491 58 574 70 nasioms

240 83 297 102 Anno
312 83 376 109 elapso
390 89 402 102 a
415 83 446 102 die
460 84 527 108 captae
542 82 672 108 possessionis,
684 82 791 102 Oeoonomo
800 81 873 101 Curato

199 113 298 138 pensionis
316 113 431 132 solutionem
445 112 540 138 exigenti,
562 112 686 138 Praepositns
708 112 788 137 Pompei
801 112 829 131 -in
843 112 872 131 sui

199 143 320 162 commodum
335 143 393 162 verba
407 142 484 165 Bullae,
499 143 568 168 favore
582 142 757 168 Archipresbyceri
770 148 810 167 pro
823 145 874 161 tem·-

195 179 254 199 pore,
270 173 416 199 interpretatus,
432 173 545 198 negatiwm
559 178 671 198 responsum
688 172 765 195 obiecit,
781 172 870 191 edicens:

198 203 309 229 impositam
324 204 434 229 pensionem
449 203 604 229 Praepositurae,
619 203 639 222 vi
654 202 723 222 Bullae
732 203 870 225 institutionis,

198 233 310 253 solvendam
324 240 365 252 esse
375 233 546 259 Archipresbytero
566 239 581 252 s.
593 232 670 252 Ioannis
680 232 738 258 Bapt.
749 247 754 256 ,
772 239 812 252 non
826 239 872 252 vero

198 263 313 282 Oeconomoi
329 263 382 283 Tunc
400 269 513 283 oeconomus
534 263 558 282 ad
572 263 592 282 S.
609 263 631 283 C.
647 263 823 288 Congregationem
843 269 873 282 re-

196 299 275 313 cursum
290 293 365 316 habuit,
381 294 403 313 ut
417 293 514 319 pensionis
528 293 644 313 solutionem
658 293 761 313 obtineret.

412 341 538 359 ”fluent-u·
549 342 663 359 tyn-pue·-

239 383 289 403 Iuni
310 383 436 402 Pmsposm.
459 383 605 402 Animadvertit
623 383 680 402 huius
700 382 795 406 defensor,
811 384 870 409 quod,

196 414 257 433 etiam
272 413 324 432 facta
333 413 444 439 hypothesiy
460 419 505 432 vere
515 413 598 432 existere
607 413 802 439 Arohipresbyternm
813 419 829 432 s.
841 413 872 433 Io-

195 444 262 466 annis,
277 445 297 462 et
312 443 332 462 in
353 443 424 462 iudicio
438 449 503 468 agere,
518 443 624 462 nullimode
644 443 678 462 ille
699 445 763 469 posset
781 444 871 463 obtinet-e

197 473 310 499 pensionem
324 472 438 498 praefatam.
454 472 533 492 Etenim
543 473 609 499 pensio
619 473 665 492 haec
679 473 770 499 imposita
784 473 823 493 fuit
835 480 871 500 per

195 510 282 523 errorem
296 504 357 529 quoad
372 503 424 523 illius
439 503 593 530 Praepositurae‘
601 504 681 527 reditus,
694 504 730 530 ‘qui
745 504 761 523 si
776 510 870 530 praegra-

197 535 292 553 varentur
305 535 395 560 pensione
409 534 452 557 illa,
463 540 487 553 ne
498 535 604 560 superesset
616 534 692 560 quidem
707 540 741 560 pro
755 534 871 560 Praeposito

197 565 334 587 necessarium,
350 564 400 583 uude
414 565 479 584 vivere
494 567 564 590 posset.
580 564 602 583 In
617 571 700 584 errorem
717 565 784 590 utique
798 565 870 584 incidit

195 594 256 614 Curia
270 594 345 620 quando
359 595 477 617 autumavit,
493 594 649 620 Praeposituram
658 595 748 614 exhibere
755 597 870 615 sexcentum

195 626 273 644 scutata
287 624 355 647 libera,
370 625 447 644 constat
460 624 512 643 enim
526 630 550 643 ex
563 625 694 650 experimento
708 625 792 644 eiusdem
810 625 870 645 Pom-

194 655 226 681 pei
240 656 260 675 et
274 655 315 674 eius
336 655 469 677 antecessoris,
485 655 519 673 vix
539 654 563 673 ad
585 654 660 674 libellas
683 654 734 674 1300
755 655 869 681 pertingere

195 685 271 704 fructus
291 685 348 704 huius
366 685 453 704 beneficii
472 684 592 710 paroecialis.
608 684 638 704 Ex
658 691 696 710 quo
710 685 768 705 tiebat
786 685 837 710 quod
851 686 870 705 si

196 715 287 735 laudatus
308 715 413 740 Episcopus
427 715 531 740 genuinam
548 721 612 734 rerum
627 715 730 734 veritatem
745 716 868 741 agnovisset.

195 745 247 764 haud
261 745 372 771 pensionem
393 745 522 770 imposuisset.
538 744 587 764 Nam
609 751 693 770 congrua
707 746 763 764 iuxta
781 747 869 765 mentem

195 782 223 794 ss.
240 781 334 794 canonum
349 775 384 794 illa
402 781 443 794 esse
457 775 520 798 debet,
531 776 553 794 ut
563 775 589 794 sit
603 775 699 794 sufficiens
708 775 732 794 ad
747 776 869 795 eommodam

193 806 216 824 et
228 805 329 825 honestam
344 811 434 831 personae
456 805 624 828 sustentationem
640 805 727 825 Ferraris
742 806 800 825 verbo
817 805 870 825 Con-

195 842 250 862 yma
265 842 287 855 n.
303 836 323 854 7.
339 835 389 855 Hinc
403 835 527 861 Praepositus
541 835 565 854 ad
586 835 656 855 Efflum
680 835 806 855 Ordinarium
820 837 870 856 seri—

195 867 242 886 bens
256 866 370 888 declaravit,
386 872 406 884 se
416 866 505 891 paratum
520 872 560 885 esse
579 866 697 891 praebendae
716 872 761 885 suae
782 866 870 886 admini-

195 896 310 915 strationem
324 896 443 918 renuntiare,
464 895 565 915 dummodo
578 896 615 915 sibi
636 902 721 921 congrua
734 903 769 922 pro
790 897 868 917 decenti

193 927 344 949 sustentatione,
359 926 485 951 oneribusque
504 926 645 952 parochialibus
659 926 777 946 sustinendis
794 927 870 953 persol-

194 958 280 976 veretur.

234 986 288 1009 Quod
303 987 319 1006 si
333 986 404 1005 solutio
424 986 521 1012 pensionis
535 986 615 1005 minime
633 988 683 1005 esset
704 987 826 1007 admittenda
846 988 868 1007 in

193 1023 239 1036 casu
253 1023 290 1042 quo
304 1018 370 1042 ageret
391 1016 559 1042 Arohipresbyter,
582 1016 644 1036 multo
658 1017 720 1042 inagis
737 1017 868 1043 respuendam

192 1053 234 1066 esse
245 1048 353 1073 propugnat
360 1046 469 1072 Praepositi
479 1046 576 1066 Patronus
590 1047 610 1066 in
625 1047 721 1072 praesenti
731 1046 779 1067 facti
794 1048 865 1074 specie²

192 1084 237 1097 cum
252 1085 332 1104 persona
353 1078 431 1097 omnino
446 1077 522 1097 diversa
541 1078 594 1103 agat,
610 1077 715 1097 nullimode
736 1078 760 1098 ab
775 1078 868 1098 invocato

194 1109 287 1134 rescripto
301 1108 438 1134 contemplata.
454 1107 481 1127 Et
499 1114 519 1127 re
533 1108 609 1133 quidem
623 1114 670 1127 vera
683 1108 733 1127 haud
752 1108 840 1128 alienum
854 1115 868 1128 a

194 1138 236 1158 inre
250 1140 279 1158 est
293 1139 342 1165 quod
357 1137 454 1164 praefatus
468 1137 591 1163 Praepositus
605 1139 662 1163 neget
676 1137 784 1158 Oeconomo
797 1140 868 1158 curato
