885 1246
192 59 224 75 ¹38
459 61 601 73 nni-{cirninum

191 87 230 106 lum
236 87 325 106 innixum
330 87 406 106 cuidam
412 86 533 112 dispositioni
545 85 665 108 Statutorum
673 85 812 111 capitularium
818 91 862 111 por-

191 117 263 136 tionem
278 117 352 136 solvere
362 117 434 136 renuit.
446 116 553 142 Eaproptei·
567 116 669 135 canonicus
679 115 769 141 Iosephus
779 116 860 142 supplici

191 147 255 167 oblato
263 147 328 167 libello
343 147 373 166 die
383 147 407 167 21
420 147 489 166 Martii
503 146 592 169 1877,a‹1
598 146 648 166 S.C.
658 146 681 165 C.
695 145 790 171 confugit,
804 146 861 165 enixe

191 183 261 202 rogans
271 178 293 196 ut
302 177 410 196 declararet
423 177 460 196 sibi
474 177 504 196 ius
513 183 553 196 esse
567 178 635 195 contra
642 176 761 202 Capitulum,
774 177 861 201 tempore

191 214 228 233 quo
242 207 311 230 abfuit,
327 207 457 227 Canonicatus
467 207 496 226 sui
506 206 673 232 participationem
688 207 729 225 tam
743 205 861 231 persolutam

192 244 248 264 quam
263 237 408 263 persolvendam
423 237 541 260 vindicandi,
557 236 588 256 vel
603 236 672 255 saltem
683 237 704 255 ut
714 242 757 255 oum
772 242 794 255 eo
807 236 862 255 beni-

192 274 229 293 gne
243 268 371 294 dispensetur.
386 279 388 281 >

403 335 531 351 lunens-uo
541 335 649 352 tyn-pue·
686 333 688 337 ¹

233 388 289 410 Qum
309 394 387 407 com-iu
405 393 511 407 oum-onum
528 393 604 406 FACERE
625 393 732 406 vnn-:mum
752 386 775 405 In
794 387 863 412 primis

193 418 265 438 frustra
278 417 349 437 Orator
363 417 474 437 adlaborare
488 417 572 439 videtur,
588 417 610 436 ut
624 422 678 436 suam
695 416 791 435 diutinam
806 416 863 435 iusti-

192 449 250 468 ficare
264 448 372 468 absentiam
384 447 456 470 valeat.
468 448 509 466 tum
520 448 573 466 metu
580 447 669 469 carceris,
679 448 720 466 tum
730 445 806 465 defectu
816 452 861 465 oon-

193 484 252 504 gruae
266 477 421 497 sustentationis.
436 477 537 496 Neminem
552 477 604 496 enini
618 476 675 500 latet,
690 477 763 495 metum
774 477 796 495 ut
805 482 863 495 excu-

193 510 222 528 set
232 509 255 528 ab
265 508 389 533 obligatione,
405 509 424 527 et
438 508 459 526 in
473 514 517 526 casu
531 508 555 527 ab
565 513 621 526 onere
631 507 734 529 residendi,
745 506 813 526 debere
823 512 863 525 esse

193 539 260 561 talem,
275 538 308 564 qui
323 538 343 557 in
356 538 454 557 hominem
468 538 589 556 constantem
603 537 669 556 cadat:
680 543 741 562 neque
752 537 805 556 enim
817 537 863 555 vani

193 569 269 588 timoris
283 568 323 587 ulla
337 568 435 587 excusatio
449 569 479 586 est
492 567 517 586 L.
533 567 612 587 Melum
626 567 647 586 6.
663 567 683 585 7.
698 567 720 592 ff.
731 567 785 592 quod
799 569 863 586 metus

193 605 254 618 causa
267 599 281 618 l.
299 598 339 617 184
353 598 376 617 de
389 598 465 624 Requl.
477 597 501 620 9;
511 604 545 617 nec
559 597 629 616 sufficit
643 597 728 623 quolibet
742 598 815 616 terrore
830 597 864 616 ad-

192 630 248 649 ducto
262 635 376 655 quemquam
391 628 478 647 timuisse
492 628 506 647 l.
523 630 588 647 metus
597 627 611 647 3
620 628 642 653 ff.
658 634 683 646 ex
699 627 774 653 quibus
793 629 863 646 causis

193 662 287 680 maiores.
298 660 337 679 Nec
347 659 395 679 satis
408 659 475 684 gravis
488 660 518 678 est
528 661 590 678 metus
600 659 709 685 vexationis
718 658 814 683 alieuius,
825 658 864 677 nisi

193 692 213 710 et
223 690 302 710 vincula
316 689 425 716 praesentia
441 690 508 715 potens
516 689 638 708 adversarius
652 689 737 708 minatus
751 689 778 707 sit
787 688 812 707 L.
825 688 863 707 ult.

193 722 213 746 ξ.
229 721 250 746 ff.
266 720 319 746 quod
333 722 400 739 metus
419 725 491 741 mmm
510 720 582 738 metum
601 719 653 739 enim
672 725 710 738 non
727 719 865 738 iactationibus

158 748 162 750 ”
193 752 270 770 tantum
279 750 311 769 vel
320 749 499 771 contestationibus,
511 748 543 767 sed
553 749 655 767 atrocitate
665 747 712 767 facti
726 748 805 774 purgari
820 754 865 767 con-

193 781 248 800 venit
262 780 287 799 L.
304 780 324 799 7.
340 782 357 798 et
366 779 419 798 9ct't.
436 780 468 798 tit.
484 781 502 798 et
516 778 593 797 Bossius
603 785 646 804 cap.
659 778 684 797 11
695 779 715 803 ξ.
726 778 740 797 4
754 785 776 797 n.
794 778 829 800 14,
838 779 865 797 16

194 810 264 830 statuit
278 810 303 829 ad
316 809 472 828 constituendum
487 810 559 828 metum
569 808 659 834 legaliter
669 809 741 828 iustum
751 815 785 828 seu
794 809 865 828 caden-

194 842 233 860 tem
248 841 269 859 in
282 840 346 859 virum
360 840 488 862 constantem.
505 839 574 858 nedum
591 839 662 864 requiri
676 839 730 865 quod
743 839 825 858 malum
838 841 865 858 sit

195 871 282 890 absolute
296 873 314 889 et
330 871 353 889 in
366 876 386 888 se
401 876 503 896 maynum
517 872 535 888 et
549 875 618 895 yrave,
633 869 667 888 sed
680 871 742 888 etiam
757 869 810 894 quod
825 875 866 888 me-

194 904 253 920 tuens
268 906 310 919 non
321 901 384 925 possit
399 900 460 925 facile
475 899 527 918 illud
543 899 638 924 depellere
652 902 689 918 auc
704 899 736 918 illi
752 905 864 918 occurrere.

194 930 251 950 Hisce
266 930 286 949 in
300 930 376 949 casibus
389 936 434 949 vere
447 930 490 956 quis
500 929 537 948 diei
548 930 611 955 posset
626 929 721 955 impotens
735 929 758 948 ad
773 929 866 949 resisten-

194 961 249 979 dum:
266 960 380 986 impotentia
394 960 446 979 enim
465 960 535 979 dieitur
550 961 572 979 ut
586 959 647 978 tradit
663 959 745 978 Bar-bos.
762 959 785 978 de
802 959 866 978 Cano-

195 993 249 1010 m'cz's
262 997 306 1016 cap.
321 990 349 1011 24
363 997 385 1009 n.
401 990 428 1010 39
437 990 513 1016 quaudo
527 990 614 1010 absentia
624 996 662 1009 non
672 990 701 1009 est
711 989 823 1009 voluntaria
833 990 865 1009 sed

193 1022 218 1040 ab
232 1020 296 1046 aliquo
310 1020 360 1040 facto
374 1022 471 1043 causatum
487 1021 515 1039 ita
532 1022 554 1039 ut
571 1026 609 1039 non
625 1021 665 1039 stet
680 1026 714 1046 per
729 1020 865 1039 beneficiatum

194 1051 296 1076 quominus
310 1051 400 1070 resideat.
416 1050 489 1069 Deinde
504 1051 559 1069 iuxta
573 1050 708 1076 famigeratam
719 1050 806 1075 regulam
816 1050 865 1075 quod

195 1082 257 1100 metus
271 1088 310 1100 non
324 1081 461 1107 praesumitur,
477 1082 527 1100 esset
537 1081 560 1100 ab
570 1080 668 1106 allegante
678 1080 787 1106 probandus
797 1081 817 1099 et
824 1080 866 1105 qui-

195 1111 238 1130 dem
252 1111 308 1137 plene
322 1112 342 1130 et
356 1111 499 1133 concludenter,
510 1110 534 1129 ad
544 1110 617 1130 tradita
625 1117 636 1130 a
646 1110 716 1130 Piton.
732 1110 812 1136 Discep.
825 1110 866 1129 110

194 1148 216 1160 π.
228 1141 264 1162 34,
275 1148 287 1160 α
300 1141 345 1160 Voet
355 1141 389 1160 lib.
401 1140 421 1159 4.
433 1143 465 1160 tit.
476 1140 491 1161 2
500 1147 520 1160 n.
533 1140 566 1159 14.
578 1141 638 1166 Atqui
652 1141 699 1160 haec
713 1140 778 1159 onmia
788 1141 809 1159 in
824 1140 866 1159 the—
