885 1246
350 75 451 87 nniuonn
703 72 734 88 16³

102 101 292 120 Ammovnasmnss
305 95 428 120 Damusbms
442 106 529 120 vincum.
541 99 646 120 Praemisit
656 106 698 119 sese
708 100 734 120 li-

61 132 130 151 benter
143 131 261 150 sententiam
274 130 406 150 consultorum
420 130 519 156 amplecti,
536 136 574 156 qua
588 131 644 150 ambo
662 136 733 150 conve-

63 161 128 184 niunt,
134 159 286 180 matrimonium
294 161 315 180 in
329 167 374 180 casu
384 160 471 180 validum
485 167 533 180 esse.
549 160 695 180 Animadvertit
705 162 735 180 ta-

60 197 108 213 ‚men
122 191 142 210 in
157 191 232 217 primis,
244 192 306 210 totam
326 191 485 216 disceptationem
500 191 575 210 versari
589 191 610 210 in
624 191 733 213 statuendo,

63 218 129 241 liti-um
143 221 245 240 affinitatis
266 221 425 247 impedimentum
447 220 468 240 in
482 226 528 240 casu
541 220 649 240 habendum
664 221 690 240 sit
704 220 735 240 uti

62 251 159 271 occultum
174 251 205 270 vel
220 257 269 274 non3
285 252 305 270 et
319 252 384 270 utrum
394 252 414 270 et
423 251 499 276 quando
511 251 531 270 in
541 251 686 277 impedimentis
693 251 735 270 iure

62 281 195 301 ecclesiastico
215 281 357 304 dirimentibus,
373 281 447 300 scilieet
461 281 482 300 in
495 281 578 300 secundo
592 281 653 307 gradu
666 287 691 300 ex
704 287 736 301 co-

64 312 110 338 pula
125 311 203 334 illicita,
213 311 314 337 Episcopis
328 311 451 337 dispensandi
465 312 551 337 potestas
565 311 599 331 sit.

105 341 208 361 Occultum
221 341 295 367 aliquid
309 347 349 360 esse
363 341 442 364 dieitur,
453 342 529 367 quando
543 342 589 361 licet
599 342 695 368 aliquibus
702 348 736 361 no-

63 373 114 395 tum,
126 378 164 391 non
178 372 208 391 est
222 373 287 391 tamen
302 372 369 391 notum
383 372 422 391 nisi
436 372 503 397 paucis
514 372 536 391 de
546 372 692 392 communitate.
704 372 736 391 Sic

63 403 85 422 in
99 408 160 428 parva
173 402 314 421 cummunitate
328 402 377 427 quod
391 402 463 421 duobus
473 401 504 421 vel
514 402 584 425 tribus,
595 404 615 422 et
624 403 646 422 in
656 409 734 428 magna,

61 432 113 458 quod
128 438 162 451 sex
175 432 207 451 vel
221 433 295 457 septem
309 433 375 451 notum
390 433 427 455 est,
440 432 537 451 occultum
556 432 639 456 dieitur;
659 433 689 452 ita
705 434 736 452 ta-

63 469 110 482 men
125 463 147 482 ut
161 463 234 481 certum
249 462 269 481 id
283 462 444 487 apprehendatur;
460 462 510 482 illud
524 468 569 482 vero
583 469 621 482 non
631 463 735 486 occultum,

62 492 115 518 quod
129 492 175 511 licet
189 499 201 511 a
214 492 335 518 paucioribus
349 492 448 517 cognitum
463 492 483 511 in
496 492 579 518 periculo
589 494 655 512 tamen
665 494 702 516 est,
714 494 737 512 ut

63 522 123 542 facile
137 522 161 542 ad
175 522 258 541 aliorum
272 522 402 547 cognitionem
416 522 514 542 deveniat.
530 522 596 545 Quoad
615 523 737 543 matrimonii

63 552 205 578 impedimenta
218 552 314 572 occuitum
329 558 369 572 esse
383 553 446 578 potest
460 552 492 572 vel
506 553 641 573 materialiter
653 553 684 573 vel
694 554 737 579 for-

63 583 256 608 mamea-primum
263 588 306 602 cum
312 582 408 602 occultum
415 584 445 602 est
450 582 557 606 faetum‚ex
563 589 600 609 quo
607 584 670 603 oritur
677 584 738 610 impe-

62 613 185 636 dimentum;
200 612 314 632 secundum
327 619 371 632 cum
385 612 458 632 factum
466 614 533 633 notum
547 614 584 637 est,
593 613 626 633 sed
636 614 738 639 ignoratur

62 650 89 663 ex
103 649 126 663 eo
141 643 300 669 impedimentum
314 643 369 662 oriri.
385 643 412 662 At
426 643 458 662 hic
472 643 538 668 gravis
552 644 665 669 exagitatur
680 650 738 669 quae-

62 675 111 696 stio,
127 679 152 692 an
166 673 229 698 posita
238 672 292 692 facili
301 673 418 698 cognitione,
430 673 447 692 si
457 673 486 693 ius
496 673 602 698 ignoretur,
614 673 740 699 impedimen-

62 705 108 723 tum
122 703 238 729 simpliciter
251 703 348 722 occultum
362 703 400 722 dici
414 704 479 728 queat.
495 703 579 722 Plurimi
593 704 635 723 tum
651 705 734 727 veteres,

61 735 109 754 tum
124 733 239 753 recentiores
257 733 343 759 theologi
357 734 377 752 et
391 733 502 752 canonistae
517 733 536 753 id
550 733 656 753 affirmant.
677 733 738 753 Ratio

61 764 169 784 adducitur
183 770 194 783 a
208 764 307 783 Bonacina
322 763 342 783 in
356 766 414 783 tract.
430 763 453 782 de
467 764 506 790 leq.
522 764 574 789 disp.
590 763 609 783 1.
625 767 702 790 quaest.
715 763 737 784 2.

63 801 108 814 um:
131 793 152 814 2.
175 800 197 813 n.
220 793 240 813 7.
264 801 273 812 ‹
283 794 337 813 Addo
358 793 517 819 impedimentum
538 794 612 813 censeri
632 794 737 817 occultum,

63 832 74 843 »
92 824 171 843 etiamsi
186 830 216 843 res
230 824 272 849 ipsa
286 824 366 846 sciatur,
377 823 409 843 sed
424 823 525 848 ignoretur
531 824 635 843 secundum
643 824 740 843 rationem

63 862 74 873 ›
91 853 241 879 impedimenti,
257 860 290 873 seu
304 853 464 879 impedimentum
480 860 519 873 non
533 854 559 874 sit
573 854 678 880 publicum,
692 860 739 880 qun-

62 892 73 904 »
91 886 150 904 tenus
164 884 324 909 impedimentum
340 891 350 902 ›
363 898 368 902 .
381 898 386 903 .
399 899 404 903 .
417 898 422 902 .

107 914 269 940 impedimentum
283 914 304 933 in
318 914 404 936 themate
418 913 482 932 visum
496 913 592 933 defensori
606 915 636 933 est
647 914 740 933 materia-

59 946 113 965 liter
126 945 146 964 et
160 944 268 963 formaliter
286 944 391 964 occultum,
413 943 502 963 Primum
516 944 562 969 quia
581 944 647 969 agitur
661 950 700 963 non
714 944 738 963 de

59 974 152 1001 simplici
165 974 253 994 amicitia
266 980 315 1000 quae
329 974 381 994 inter
395 974 476 993 Petrum
490 975 510 993 et
524 973 617 993 Sabinam
633 974 740 993 intercede-

58 1006 105 1029 bat,
118 1005 151 1024 sed
158 1005 182 1023 de
191 1004 300 1030 cognitione
310 1004 389 1030 copulae
398 1004 482 1024 earnalis
490 1004 542 1023 inter
551 1010 583 1023 eos
592 1003 678 1027 habitae,
690 1004 740 1029 quod

59 1036 120 1056 certe
134 1035 186 1054 nosci
200 1035 251 1054 haud
265 1035 349 1061 poterat,
361 1035 399 1054 nisi
414 1034 444 1054 illi
458 1034 635 1058 manifestaverint,
647 1034 692 1053 dum
702 1034 741 1053 Pe-

58 1068 109 1086 trus
119 1071 194 1091 semper
207 1065 296 1090 negavit,
307 1066 327 1084 et
341 1064 406 1084 forsan
420 1065 454 1084 uni
468 1064 555 1084 Paroeho
569 1063 632 1083 fassus
647 1066 684 1083 est.
707 1064 741 1084 Se-

59 1095 151 1116 eundum
165 1096 230 1115 autem
243 1095 289 1120 quia
303 1095 354 1114 inter
368 1096 427 1116 testes
444 1095 481 1114 duo
494 1094 628 1114 tantummodo
642 1096 739 1117 asserunt,

59 1127 228 1154 impedimentum
237 1126 340 1146 affinitatis
349 1126 401 1146 inter
409 1132 488 1152 sponsos
498 1125 581 1145 existere
591 1131 612 1144 se
618 1130 740 1150 cognoscere:

58 1160 82 1179 et
98 1158 147 1184 quia
161 1157 260 1177 Pax-ochus
273 1158 314 1183 ipse
328 1157 488 1183 impedimentum
508 1156 673 1180 animadvertens,
691 1155 741 1176 illud
770 1172 773 1174 ,
