<?xml version="1.0" encoding="UTF-8"?>
<!DOCTYPE html PUBLIC "-//W3C//DTD XHTML 1.0 Transitional//EN"
    "http://www.w3.org/TR/xhtml1/DTD/xhtml1-transitional.dtd">
<html xmlns="http://www.w3.org/1999/xhtml" xml:lang="en" lang="en">
 <head>
  <title>
</title>
<meta http-equiv="Content-Type" content="text/html;charset=utf-8" />
  <meta name='ocr-system' content='tesseract 3.04.00' />
  <meta name='ocr-capabilities' content='ocr_page ocr_carea ocr_par ocr_line ocrx_word'/>
</head>
<body>
  <div class='ocr_page' id='page_1' title='image "actasanctaesedi02unkngoog_0220.png"; bbox 0 0 885 1246; ppageno 0'>
   <div class='ocr_carea' id='block_1_1' title="bbox 61 61 738 296">
    <p class='ocr_par' dir='ltr' id='par_1_1' title="bbox 61 61 738 236">
     <span class='ocr_line' id='line_1_1' title="bbox 105 61 736 81; baseline -0.003 -2"><span class='ocrx_word' id='word_1_1' title='bbox 105 76 108 79; x_wconf 93' lang='lat'>.</span> <span class='ocrx_word' id='word_1_2' title='bbox 246 62 379 81; x_wconf 59' lang='lat' dir='ltr'><strong>mansan-iouis,</strong></span> <span class='ocrx_word' id='word_1_3' title='bbox 393 65 506 77; x_wconf 69' lang='lat' dir='ltr'><strong>suernnswsis</strong></span> <span class='ocrx_word' id='word_1_4' title='bbox 518 65 555 77; x_wconf 73' lang='lat' dir='ltr'><strong>nu.</strong></span> <span class='ocrx_word' id='word_1_5' title='bbox 572 61 574 63; x_wconf 91' lang='lat'>&#39;</span> <span class='ocrx_word' id='word_1_6' title='bbox 704 61 736 77; x_wconf 72' lang='lat'><strong>17⁹</strong></span> 
     </span>
     <span class='ocr_line' id='line_1_2' title="bbox 61 89 738 115; baseline -0.003 -5"><span class='ocrx_word' id='word_1_7' title='bbox 61 91 115 110; x_wconf 79' lang='lat' dir='ltr'><strong>stica</strong></span> <span class='ocrx_word' id='word_1_8' title='bbox 129 91 261 110; x_wconf 85' lang='lat' dir='ltr'><strong>iurisdictione</strong></span> <span class='ocrx_word' id='word_1_9' title='bbox 275 90 363 110; x_wconf 86' lang='lat' dir='ltr'><strong>eumdem</strong></span> <span class='ocrx_word' id='word_1_10' title='bbox 377 90 471 115; x_wconf 77' lang='lat' dir='ltr'><strong>privavit.</strong></span> <span class='ocrx_word' id='word_1_11' title='bbox 486 89 513 109; x_wconf 78' lang='lat' dir='ltr'><strong>Et</strong></span> <span class='ocrx_word' id='word_1_12' title='bbox 527 96 585 115; x_wconf 86' lang='lat' dir='ltr'><strong>quum</strong></span> <span class='ocrx_word' id='word_1_13' title='bbox 595 89 654 109; x_wconf 82' lang='lat' dir='ltr'><strong>civile</strong></span> <span class='ocrx_word' id='word_1_14' title='bbox 668 90 738 115; x_wconf 82' lang='lat' dir='ltr'><strong>guber-</strong></span> 
     </span>
     <span class='ocr_line' id='line_1_3' title="bbox 65 119 737 140; baseline -0.001 0"><span class='ocrx_word' id='word_1_15' title='bbox 65 121 120 140; x_wconf 89' lang='lat' dir='ltr'><strong>nium</strong></span> <span class='ocrx_word' id='word_1_16' title='bbox 139 121 255 140; x_wconf 84' lang='lat' dir='ltr'><strong>decrevisset</strong></span> <span class='ocrx_word' id='word_1_17' title='bbox 274 126 376 139; x_wconf 87' lang='lat' dir='ltr'><strong>numerum</strong></span> <span class='ocrx_word' id='word_1_18' title='bbox 394 120 507 139; x_wconf 85' lang='lat' dir='ltr'><strong>clericorum</strong></span> <span class='ocrx_word' id='word_1_19' title='bbox 524 119 601 139; x_wconf 75' lang='lat' dir='ltr'>Insulae</span> <span class='ocrx_word' id='word_1_20' title='bbox 620 119 737 139; x_wconf 80' lang='lat' dir='ltr'><strong>Borbonieao</strong></span> 
     </span>
     <span class='ocr_line' id='line_1_4' title="bbox 65 150 734 175; baseline -0.001 -5"><span class='ocrx_word' id='word_1_21' title='bbox 65 151 188 173; x_wconf 70' lang='lat' dir='ltr'><strong>imminuere,</strong></span> <span class='ocrx_word' id='word_1_22' title='bbox 204 151 300 173; x_wconf 78' lang='lat' dir='ltr'><strong>Antistes,</strong></span> <span class='ocrx_word' id='word_1_23' title='bbox 316 151 394 175; x_wconf 79' lang='lat' dir='ltr'><strong>arrepta</strong></span> <span class='ocrx_word' id='word_1_24' title='bbox 410 150 516 172; x_wconf 76' lang='lat' dir='ltr'>occasione,</span> <span class='ocrx_word' id='word_1_25' title='bbox 534 150 591 175; x_wconf 82' lang='lat' dir='ltr'><strong>petiit</strong></span> <span class='ocrx_word' id='word_1_26' title='bbox 605 150 625 169; x_wconf 81' lang='lat' dir='ltr'><strong>et</strong></span> <span class='ocrx_word' id='word_1_27' title='bbox 638 150 734 173; x_wconf 76' lang='lat' dir='ltr'><strong>obtinuit,</strong></span> 
     </span>
     <span class='ocr_line' id='line_1_5' title="bbox 65 176 737 207; baseline -0.001 -7"><span class='ocrx_word' id='word_1_28' title='bbox 65 183 88 201; x_wconf 80' lang='lat' dir='ltr'><strong>ut</strong></span> <span class='ocrx_word' id='word_1_29' title='bbox 101 181 152 200; x_wconf 87' lang='lat' dir='ltr'><strong>idem</strong></span> <span class='ocrx_word' id='word_1_30' title='bbox 167 176 267 207; x_wconf 70' lang='lat' dir='ltr'><strong>presbyter</strong></span> <span class='ocrx_word' id='word_1_31' title='bbox 276 186 286 199; x_wconf 87' lang='lat' dir='ltr'><strong>e</strong></span> <span class='ocrx_word' id='word_1_32' title='bbox 296 180 347 199; x_wconf 90' lang='lat' dir='ltr'><strong>clero</strong></span> <span class='ocrx_word' id='word_1_33' title='bbox 361 180 452 199; x_wconf 82' lang='lat' dir='ltr'><strong>dioecesis</strong></span> <span class='ocrx_word' id='word_1_34' title='bbox 466 181 616 205; x_wconf 78' lang='lat' dir='ltr'><strong>expungeretur,</strong></span> <span class='ocrx_word' id='word_1_35' title='bbox 628 181 647 199; x_wconf 86' lang='lat' dir='ltr'><strong>et</strong></span> <span class='ocrx_word' id='word_1_36' title='bbox 654 180 677 199; x_wconf 88' lang='lat' dir='ltr'><strong>·in</strong></span> <span class='ocrx_word' id='word_1_37' title='bbox 689 180 737 199; x_wconf 68' lang='lat' dir='ltr'><strong>Gal-</strong></span> 
     </span>
     <span class='ocr_line' id='line_1_6' title="bbox 67 211 268 236; baseline -0.005 -6"><span class='ocrx_word' id='word_1_38' title='bbox 67 211 114 230; x_wconf 77' lang='lat' dir='ltr'><strong>liam</strong></span> <span class='ocrx_word' id='word_1_39' title='bbox 129 211 268 236; x_wconf 69' lang='lat' dir='ltr'><strong>asportaretur.</strong></span> 
     </span>
    </p>

    <p class='ocr_par' dir='ltr' id='par_1_2' title="bbox 65 240 737 296">
     <span class='ocr_line' id='line_1_7' title="bbox 106 240 737 266; baseline -0.002 -6"><span class='ocrx_word' id='word_1_40' title='bbox 106 240 198 260; x_wconf 75' lang='lat' dir='ltr'><strong>Sacerdos</strong></span> <span class='ocrx_word' id='word_1_41' title='bbox 211 241 264 260; x_wconf 83' lang='lat' dir='ltr'><strong>hisce</strong></span> <span class='ocrx_word' id='word_1_42' title='bbox 278 241 367 260; x_wconf 87' lang='lat' dir='ltr'><strong>omnibus</strong></span> <span class='ocrx_word' id='word_1_43' title='bbox 380 246 400 259; x_wconf 89' lang='lat' dir='ltr'><strong>se</strong></span> <span class='ocrx_word' id='word_1_44' title='bbox 414 242 518 265; x_wconf 79' lang='lat' dir='ltr'><strong>gravatum</strong></span> <span class='ocrx_word' id='word_1_45' title='bbox 532 240 659 266; x_wconf 75' lang='lat' dir='ltr'><strong>persentiens,</strong></span> <span class='ocrx_word' id='word_1_46' title='bbox 670 240 737 266; x_wconf 83' lang='lat' dir='ltr'><strong>appel-</strong></span> 
     </span>
     <span class='ocr_line' id='line_1_8' title="bbox 65 270 627 296; baseline -0.004 -5"><span class='ocrx_word' id='word_1_47' title='bbox 65 271 159 291; x_wconf 76' lang='lat' dir='ltr'><strong>lationem</strong></span> <span class='ocrx_word' id='word_1_48' title='bbox 173 271 224 296; x_wconf 80' lang='lat' dir='ltr'><strong>apud</strong></span> <span class='ocrx_word' id='word_1_49' title='bbox 238 270 258 290; x_wconf 89' lang='lat' dir='ltr'><strong>S.</strong></span> <span class='ocrx_word' id='word_1_50' title='bbox 274 270 297 290; x_wconf 87' lang='lat' dir='ltr'><strong>O.</strong></span> <span class='ocrx_word' id='word_1_51' title='bbox 313 270 487 295; x_wconf 81' lang='lat' dir='ltr'><strong>Congregationem</strong></span> <span class='ocrx_word' id='word_1_52' title='bbox 503 270 627 296; x_wconf 79' lang='lat' dir='ltr'><strong>interposuit.</strong></span> 
     </span>
    </p>
   </div>
   <div class='ocr_carea' id='block_1_2' title="bbox 275 331 527 355">
    <p class='ocr_par' dir='ltr' id='par_1_3' title="bbox 275 331 527 355">
     <span class='ocr_line' id='line_1_9' title="bbox 275 331 527 355; baseline 0 -3"><span class='ocrx_word' id='word_1_53' title='bbox 275 331 401 355; x_wconf 63' lang='lat' dir='ltr'><strong>”neena-no</strong></span> <span class='ocrx_word' id='word_1_54' title='bbox 412 338 527 355; x_wconf 52' lang='lat' dir='ltr'><strong>synoptico.</strong></span> 
     </span>
    </p>
   </div>
   <div class='ocr_carea' id='block_1_3' title="bbox 60 390 737 1171">
    <p class='ocr_par' dir='ltr' id='par_1_4' title="bbox 61 390 737 718">
     <span class='ocr_line' id='line_1_10' title="bbox 104 390 736 417; baseline 0 -7"><span class='ocrx_word' id='word_1_55' title='bbox 104 391 204 410; x_wconf 68' lang='lat' dir='ltr'><strong>Dssrnnsio</strong></span> <span class='ocrx_word' id='word_1_56' title='bbox 211 391 309 411; x_wconf 76' lang='lat' dir='ltr'><strong>Emscom.</strong></span> <span class='ocrx_word' id='word_1_57' title='bbox 319 391 517 410; x_wconf 73' lang='lat' dir='ltr'><strong>Animadvertendum</strong></span> <span class='ocrx_word' id='word_1_58' title='bbox 523 392 559 414; x_wconf 69' lang='lat' dir='ltr'><strong>est,</strong></span> <span class='ocrx_word' id='word_1_59' title='bbox 566 391 594 410; x_wconf 78' lang='lat' dir='ltr'><strong>ait</strong></span> <span class='ocrx_word' id='word_1_60' title='bbox 599 390 694 414; x_wconf 79' lang='lat' dir='ltr'><strong>defensor,</strong></span> <span class='ocrx_word' id='word_1_61' title='bbox 703 391 736 417; x_wconf 82' lang='lat' dir='ltr'><strong>agi</strong></span> 
     </span>
     <span class='ocr_line' id='line_1_11' title="bbox 67 421 736 447; baseline 0 -7"><span class='ocrx_word' id='word_1_62' title='bbox 67 422 88 441; x_wconf 87' lang='lat' dir='ltr'><strong>iu</strong></span> <span class='ocrx_word' id='word_1_63' title='bbox 103 421 188 440; x_wconf 80' lang='lat' dir='ltr'><strong>themate</strong></span> <span class='ocrx_word' id='word_1_64' title='bbox 202 427 240 440; x_wconf 93' lang='lat' dir='ltr'><strong>non</strong></span> <span class='ocrx_word' id='word_1_65' title='bbox 254 421 277 441; x_wconf 91' lang='lat' dir='ltr'><strong>de</strong></span> <span class='ocrx_word' id='word_1_66' title='bbox 292 421 378 441; x_wconf 81' lang='lat' dir='ltr'><strong>Parucho</strong></span> <span class='ocrx_word' id='word_1_67' title='bbox 394 421 479 444; x_wconf 72' lang='lat' dir='ltr'><strong>titulari,</strong></span> <span class='ocrx_word' id='word_1_68' title='bbox 495 422 571 447; x_wconf 81' lang='lat' dir='ltr'><strong>proprie</strong></span> <span class='ocrx_word' id='word_1_69' title='bbox 589 421 648 444; x_wconf 81' lang='lat' dir='ltr'><strong>dicto,</strong></span> <span class='ocrx_word' id='word_1_70' title='bbox 664 421 696 441; x_wconf 81' lang='lat' dir='ltr'><strong>sed</strong></span> <span class='ocrx_word' id='word_1_71' title='bbox 712 421 736 441; x_wconf 91' lang='lat' dir='ltr'><strong>de</strong></span> 
     </span>
     <span class='ocr_line' id='line_1_12' title="bbox 66 451 737 477; baseline 0 -7"><span class='ocrx_word' id='word_1_72' title='bbox 66 451 140 471; x_wconf 78' lang='lat' dir='ltr'><strong>vicario</strong></span> <span class='ocrx_word' id='word_1_73' title='bbox 154 451 254 471; x_wconf 77' lang='lat' dir='ltr'><strong>amovibili</strong></span> <span class='ocrx_word' id='word_1_74' title='bbox 268 451 292 470; x_wconf 78' lang='lat' dir='ltr'><strong>ad</strong></span> <span class='ocrx_word' id='word_1_75' title='bbox 306 453 375 471; x_wconf 87' lang='lat' dir='ltr'><strong>nutum</strong></span> <span class='ocrx_word' id='word_1_76' title='bbox 394 451 491 477; x_wconf 80' lang='lat' dir='ltr'><strong>Episcopi.</strong></span> <span class='ocrx_word' id='word_1_77' title='bbox 507 451 558 471; x_wconf 88' lang='lat' dir='ltr'><strong>Hinc</strong></span> <span class='ocrx_word' id='word_1_78' title='bbox 574 452 616 470; x_wconf 81' lang='lat' dir='ltr'><strong>iure</strong></span> <span class='ocrx_word' id='word_1_79' title='bbox 632 458 666 471; x_wconf 87' lang='lat' dir='ltr'><strong>suo</strong></span> <span class='ocrx_word' id='word_1_80' title='bbox 681 458 737 471; x_wconf 89' lang='lat' dir='ltr'><strong>usum</strong></span> 
     </span>
     <span class='ocr_line' id='line_1_13' title="bbox 65 481 736 508; baseline 0 -7"><span class='ocrx_word' id='word_1_81' title='bbox 65 481 126 505; x_wconf 72' lang='lat' dir='ltr'><strong>fuisse</strong></span> <span class='ocrx_word' id='word_1_82' title='bbox 139 482 272 504; x_wconf 84' lang='lat' dir='ltr'><strong>Ordinarinm,</strong></span> <span class='ocrx_word' id='word_1_83' title='bbox 288 482 355 501; x_wconf 81' lang='lat' dir='ltr'><strong>deduci</strong></span> <span class='ocrx_word' id='word_1_84' title='bbox 369 488 423 507; x_wconf 80' lang='lat' dir='ltr'><strong>posse</strong></span> <span class='ocrx_word' id='word_1_85' title='bbox 437 482 524 505; x_wconf 71' lang='lat' dir='ltr'><strong>videtur,</strong></span> <span class='ocrx_word' id='word_1_86' title='bbox 539 482 615 508; x_wconf 75' lang='lat' dir='ltr'><strong>quando</strong></span> <span class='ocrx_word' id='word_1_87' title='bbox 634 482 736 502; x_wconf 76' lang='lat' dir='ltr'><strong>transtulit</strong></span> 
     </span>
     <span class='ocr_line' id='line_1_14' title="bbox 63 512 735 535; baseline 0 -4"><span class='ocrx_word' id='word_1_88' title='bbox 63 512 89 531; x_wconf 86' lang='lat' dir='ltr'><strong>de</strong></span> <span class='ocrx_word' id='word_1_89' title='bbox 108 512 200 531; x_wconf 78' lang='lat' dir='ltr'><strong>Paroecia</strong></span> <span class='ocrx_word' id='word_1_90' title='bbox 219 513 242 531; x_wconf 85' lang='lat' dir='ltr'><strong>ad</strong></span> <span class='ocrx_word' id='word_1_91' title='bbox 261 512 369 535; x_wconf 76' lang='lat' dir='ltr'><strong>vicariam,</strong></span> <span class='ocrx_word' id='word_1_92' title='bbox 385 512 503 531; x_wconf 72' lang='lat' dir='ltr'><strong>sacerdotem</strong></span> <span class='ocrx_word' id='word_1_93' title='bbox 520 512 618 531; x_wconf 85' lang='lat' dir='ltr'><strong>loannem.</strong></span> <span class='ocrx_word' id='word_1_94' title='bbox 636 512 735 532; x_wconf 82' lang='lat' dir='ltr'><strong>Eiusmodi</strong></span> 
     </span>
     <span class='ocr_line' id='line_1_15' title="bbox 64 541 736 568; baseline 0 -7"><span class='ocrx_word' id='word_1_95' title='bbox 64 542 117 561; x_wconf 87' lang='lat' dir='ltr'><strong>enim</strong></span> <span class='ocrx_word' id='word_1_96' title='bbox 133 541 345 561; x_wconf 66' lang='lat' dir='ltr'><strong>Parochi&#39;considerari</strong></span> <span class='ocrx_word' id='word_1_97' title='bbox 359 543 439 568; x_wconf 84' lang='lat' dir='ltr'><strong>possunt</strong></span> <span class='ocrx_word' id='word_1_98' title='bbox 453 541 484 561; x_wconf 86' lang='lat' dir='ltr'><strong>vel</strong></span> <span class='ocrx_word' id='word_1_99' title='bbox 494 542 523 561; x_wconf 91' lang='lat' dir='ltr'><strong>uti</strong></span> <span class='ocrx_word' id='word_1_100' title='bbox 534 542 608 561; x_wconf 83' lang='lat' dir='ltr'><strong>Viearii</strong></span> <span class='ocrx_word' id='word_1_101' title='bbox 622 542 736 561; x_wconf 80' lang='lat' dir='ltr'><strong>amovibiles</strong></span> 
     </span>
     <span class='ocr_line' id='line_1_16' title="bbox 63 572 736 598; baseline 0.001 -8"><span class='ocrx_word' id='word_1_102' title='bbox 63 572 90 591; x_wconf 82' lang='lat' dir='ltr'><strong>ad</strong></span> <span class='ocrx_word' id='word_1_103' title='bbox 104 573 173 591; x_wconf 77' lang='lat' dir='ltr'><strong>nutum</strong></span> <span class='ocrx_word' id='word_1_104' title='bbox 187 572 284 598; x_wconf 76' lang='lat' dir='ltr'><strong>Episcopi,</strong></span> <span class='ocrx_word' id='word_1_105' title='bbox 300 572 332 591; x_wconf 86' lang='lat' dir='ltr'><strong>vel</strong></span> <span class='ocrx_word' id='word_1_106' title='bbox 346 574 444 597; x_wconf 74' lang='lat' dir='ltr'><strong>tamquam</strong></span> <span class='ocrx_word' id='word_1_107' title='bbox 460 578 577 598; x_wconf 77' lang='lat' dir='ltr'><strong>possessores</strong></span> <span class='ocrx_word' id='word_1_108' title='bbox 593 572 681 591; x_wconf 77' lang='lat' dir='ltr'><strong>beneficii</strong></span> <span class='ocrx_word' id='word_1_109' title='bbox 695 578 736 591; x_wconf 79' lang='lat' dir='ltr'><strong>rna-</strong></span> 
     </span>
     <span class='ocr_line' id='line_1_17' title="bbox 63 601 734 628; baseline 0 -7"><span class='ocrx_word' id='word_1_110' title='bbox 63 602 135 621; x_wconf 76' lang='lat' dir='ltr'><strong>nualis.</strong></span> <span class='ocrx_word' id='word_1_111' title='bbox 152 601 178 621; x_wconf 74' lang='lat' dir='ltr'><strong>Et</strong></span> <span class='ocrx_word' id='word_1_112' title='bbox 192 602 213 621; x_wconf 88' lang='lat' dir='ltr'><strong>in</strong></span> <span class='ocrx_word' id='word_1_113' title='bbox 227 604 308 628; x_wconf 74' lang='lat' dir='ltr'><strong>utraque</strong></span> <span class='ocrx_word' id='word_1_114' title='bbox 318 602 420 628; x_wconf 80' lang='lat' dir='ltr'><strong>hypothesi</strong></span> <span class='ocrx_word' id='word_1_115' title='bbox 431 602 511 621; x_wconf 80' lang='lat' dir='ltr'><strong>retineri</strong></span> <span class='ocrx_word' id='word_1_116' title='bbox 522 604 592 628; x_wconf 83' lang='lat' dir='ltr'><strong>potest,</strong></span> <span class='ocrx_word' id='word_1_117' title='bbox 602 601 667 621; x_wconf 63' lang='lat' dir='ltr'><strong>valere</strong></span> <span class='ocrx_word' id='word_1_118' title='bbox 677 601 734 627; x_wconf 48' lang='lat' dir='ltr'><strong>Epis*</strong></span> 
     </span>
     <span class='ocr_line' id='line_1_18' title="bbox 63 632 734 658; baseline 0 -7"><span class='ocrx_word' id='word_1_119' title='bbox 63 638 133 657; x_wconf 72' lang='lat' dir='ltr'><strong>copum</strong></span> <span class='ocrx_word' id='word_1_120' title='bbox 148 638 179 651; x_wconf 85' lang='lat' dir='ltr'><strong>eos</strong></span> <span class='ocrx_word' id='word_1_121' title='bbox 193 638 291 652; x_wconf 86' lang='lat' dir='ltr'><strong>removere</strong></span> <span class='ocrx_word' id='word_1_122' title='bbox 305 639 339 658; x_wconf 79' lang='lat' dir='ltr'><strong>pro</strong></span> <span class='ocrx_word' id='word_1_123' title='bbox 353 632 425 652; x_wconf 87' lang='lat' dir='ltr'><strong>lubitu:</strong></span> <span class='ocrx_word' id='word_1_124' title='bbox 441 639 502 658; x_wconf 86' lang='lat' dir='ltr'><strong>neque</strong></span> <span class='ocrx_word' id='word_1_125' title='bbox 517 632 579 652; x_wconf 87' lang='lat' dir='ltr'><strong>teneri</strong></span> <span class='ocrx_word' id='word_1_126' title='bbox 588 632 612 651; x_wconf 82' lang='lat' dir='ltr'><strong>ad</strong></span> <span class='ocrx_word' id='word_1_127' title='bbox 623 632 734 651; x_wconf 78' lang='lat' dir='ltr'><strong>canonicam</strong></span> 
     </span>
     <span class='ocr_line' id='line_1_19' title="bbox 64 661 737 688; baseline 0.001 -8"><span class='ocrx_word' id='word_1_128' title='bbox 64 661 155 685; x_wconf 68' lang='lat' dir='ltr'><strong>formam,</strong></span> <span class='ocrx_word' id='word_1_129' title='bbox 170 665 190 681; x_wconf 86' lang='lat' dir='ltr'><strong>et</strong></span> <span class='ocrx_word' id='word_1_130' title='bbox 205 663 327 682; x_wconf 77' lang='lat' dir='ltr'><strong>iudieiarium</strong></span> <span class='ocrx_word' id='word_1_131' title='bbox 342 663 429 682; x_wconf 81' lang='lat' dir='ltr'><strong>ordinem</strong></span> <span class='ocrx_word' id='word_1_132' title='bbox 443 663 569 682; x_wconf 80' lang='lat' dir='ltr'><strong>servandum:</strong></span> <span class='ocrx_word' id='word_1_133' title='bbox 581 662 600 681; x_wconf 88' lang='lat' dir='ltr'><strong>id</strong></span> <span class='ocrx_word' id='word_1_134' title='bbox 610 662 662 681; x_wconf 86' lang='lat' dir='ltr'><strong>enim</strong></span> <span class='ocrx_word' id='word_1_135' title='bbox 676 663 737 688; x_wconf 79' lang='lat' dir='ltr'><strong>respi-</strong></span> 
     </span>
     <span class='ocr_line' id='line_1_20' title="bbox 61 692 372 718; baseline 0.003 -7"><span class='ocrx_word' id='word_1_136' title='bbox 61 692 91 711; x_wconf 75' lang='lat' dir='ltr'><strong>cit</strong></span> <span class='ocrx_word' id='word_1_137' title='bbox 106 692 198 717; x_wconf 78' lang='lat' dir='ltr'><strong>parochos</strong></span> <span class='ocrx_word' id='word_1_138' title='bbox 213 693 289 718; x_wconf 78' lang='lat' dir='ltr'><strong>proprie</strong></span> <span class='ocrx_word' id='word_1_139' title='bbox 303 693 372 712; x_wconf 74' lang='lat' dir='ltr'><strong>dictos.</strong></span> 
     </span>
    </p>

    <p class='ocr_par' dir='ltr' id='par_1_5' title="bbox 61 722 736 1073">
     <span class='ocr_line' id='line_1_21' title="bbox 105 722 735 749; baseline 0 -7"><span class='ocrx_word' id='word_1_140' title='bbox 105 722 127 741; x_wconf 86' lang='lat' dir='ltr'><strong>In</strong></span> <span class='ocrx_word' id='word_1_141' title='bbox 143 722 228 742; x_wconf 82' lang='lat' dir='ltr'><strong>themate</strong></span> <span class='ocrx_word' id='word_1_142' title='bbox 242 723 358 749; x_wconf 81' lang='lat' dir='ltr'><strong>Episcopum</strong></span> <span class='ocrx_word' id='word_1_143' title='bbox 372 723 433 748; x_wconf 83' lang='lat' dir='ltr'><strong>egisse</strong></span> <span class='ocrx_word' id='word_1_144' title='bbox 447 723 551 742; x_wconf 75' lang='lat' dir='ltr'><strong>arbitr-arie</strong></span> <span class='ocrx_word' id='word_1_145' title='bbox 558 724 578 742; x_wconf 90' lang='lat' dir='ltr'><strong>et</strong></span> <span class='ocrx_word' id='word_1_146' title='bbox 592 722 647 742; x_wconf 82' lang='lat' dir='ltr'><strong>nulla</strong></span> <span class='ocrx_word' id='word_1_147' title='bbox 661 723 735 742; x_wconf 77' lang='lat' dir='ltr'><strong>ratione</strong></span> 
     </span>
     <span class='ocr_line' id='line_1_22' title="bbox 65 744 735 778; baseline 0.001 -7"><span class='ocrx_word' id='word_1_148' title='bbox 65 753 139 771; x_wconf 76' lang='lat' dir='ltr'><strong>motum</strong></span> <span class='ocrx_word' id='word_1_149' title='bbox 154 752 191 771; x_wconf 84' lang='lat' dir='ltr'><strong>diei</strong></span> <span class='ocrx_word' id='word_1_150' title='bbox 201 753 277 778; x_wconf 84' lang='lat' dir='ltr'><strong>nequit:</strong></span> <span class='ocrx_word' id='word_1_151' title='bbox 288 744 375 772; x_wconf 67' lang='lat' dir='ltr'><strong>sacenses</strong></span> <span class='ocrx_word' id='word_1_152' title='bbox 385 753 436 772; x_wconf 87' lang='lat' dir='ltr'><strong>enim</strong></span> <span class='ocrx_word' id='word_1_153' title='bbox 448 753 528 772; x_wconf 79' lang='lat' dir='ltr'><strong>Ioannes</strong></span> <span class='ocrx_word' id='word_1_154' title='bbox 536 753 615 778; x_wconf 83' lang='lat' dir='ltr'><strong>ingenio</strong></span> <span class='ocrx_word' id='word_1_155' title='bbox 624 752 735 772; x_wconf 86' lang='lat' dir='ltr'><strong>turbulento</strong></span> 
     </span>
     <span class='ocr_line' id='line_1_23' title="bbox 62 782 736 809; baseline 0 -7"><span class='ocrx_word' id='word_1_156' title='bbox 62 784 86 802; x_wconf 79' lang='lat' dir='ltr'><strong>et</strong></span> <span class='ocrx_word' id='word_1_157' title='bbox 99 782 123 801; x_wconf 72' lang='lat' dir='ltr'><strong>ad</strong></span> <span class='ocrx_word' id='word_1_158' title='bbox 137 783 270 802; x_wconf 83' lang='lat' dir='ltr'><strong>contentiones</strong></span> <span class='ocrx_word' id='word_1_159' title='bbox 284 783 366 809; x_wconf 86' lang='lat' dir='ltr'><strong>proclivi</strong></span> <span class='ocrx_word' id='word_1_160' title='bbox 380 783 452 809; x_wconf 80' lang='lat' dir='ltr'><strong>pollet3</strong></span> <span class='ocrx_word' id='word_1_161' title='bbox 468 789 504 808; x_wconf 87' lang='lat' dir='ltr'><strong>qno</strong></span> <span class='ocrx_word' id='word_1_162' title='bbox 512 783 580 802; x_wconf 80' lang='lat' dir='ltr'><strong>ductus</strong></span> <span class='ocrx_word' id='word_1_163' title='bbox 589 783 659 802; x_wconf 89' lang='lat' dir='ltr'><strong>nedum</strong></span> <span class='ocrx_word' id='word_1_164' title='bbox 669 789 694 802; x_wconf 83' lang='lat' dir='ltr'><strong>ss.</strong></span> <span class='ocrx_word' id='word_1_165' title='bbox 703 789 736 802; x_wconf 85' lang='lat' dir='ltr'><strong>oa-</strong></span> 
     </span>
     <span class='ocr_line' id='line_1_24' title="bbox 63 812 735 839; baseline 0.001 -8"><span class='ocrx_word' id='word_1_166' title='bbox 63 818 123 832; x_wconf 84' lang='lat' dir='ltr'><strong>nones</strong></span> <span class='ocrx_word' id='word_1_167' title='bbox 137 812 224 836; x_wconf 68' lang='lat' dir='ltr'><strong>offendit,</strong></span> <span class='ocrx_word' id='word_1_168' title='bbox 240 813 273 832; x_wconf 84' lang='lat' dir='ltr'><strong>sed</strong></span> <span class='ocrx_word' id='word_1_169' title='bbox 288 814 339 839; x_wconf 67' lang='lat' dir='ltr'><strong>ipsas</strong></span> <span class='ocrx_word' id='word_1_170' title='bbox 353 813 454 839; x_wconf 77' lang='lat' dir='ltr'><strong>synodales</strong></span> <span class='ocrx_word' id='word_1_171' title='bbox 468 813 623 835; x_wconf 72' lang='lat' dir='ltr'><strong>constitutiones,</strong></span> <span class='ocrx_word' id='word_1_172' title='bbox 632 813 704 832; x_wconf 84' lang='lat' dir='ltr'><strong>edendo</strong></span> <span class='ocrx_word' id='word_1_173' title='bbox 715 813 735 832; x_wconf 94' lang='lat' dir='ltr'><strong>in</strong></span> 
     </span>
     <span class='ocr_line' id='line_1_25' title="bbox 63 842 735 869; baseline 0 -7"><span class='ocrx_word' id='word_1_174' title='bbox 63 842 135 867; x_wconf 76' lang='lat' dir='ltr'><strong>vulgus</strong></span> <span class='ocrx_word' id='word_1_175' title='bbox 150 843 236 862; x_wconf 86' lang='lat' dir='ltr'><strong>libellum</strong></span> <span class='ocrx_word' id='word_1_176' title='bbox 246 843 340 863; x_wconf 77' lang='lat' dir='ltr'><strong>famosum</strong></span> <span class='ocrx_word' id='word_1_177' title='bbox 350 844 442 863; x_wconf 74' lang='lat' dir='ltr'><strong>adversus</strong></span> <span class='ocrx_word' id='word_1_178' title='bbox 452 843 564 869; x_wconf 83' lang='lat' dir='ltr'><strong>Syndicum.</strong></span> <span class='ocrx_word' id='word_1_179' title='bbox 575 843 607 863; x_wconf 77' lang='lat' dir='ltr'><strong>Ex</strong></span> <span class='ocrx_word' id='word_1_180' title='bbox 615 849 652 869; x_wconf 89' lang='lat' dir='ltr'><strong>quo</strong></span> <span class='ocrx_word' id='word_1_181' title='bbox 662 843 735 862; x_wconf 76' lang='lat' dir='ltr'><strong>factum</strong></span> 
     </span>
     <span class='ocr_line' id='line_1_26' title="bbox 61 873 732 897; baseline 0 -5"><span class='ocrx_word' id='word_1_182' title='bbox 61 874 94 892; x_wconf 80' lang='lat' dir='ltr'><strong>est</strong></span> <span class='ocrx_word' id='word_1_183' title='bbox 109 875 130 892; x_wconf 86' lang='lat' dir='ltr'><strong>ut</strong></span> <span class='ocrx_word' id='word_1_184' title='bbox 144 873 190 892; x_wconf 79' lang='lat' dir='ltr'><strong>talis</strong></span> <span class='ocrx_word' id='word_1_185' title='bbox 204 874 315 897; x_wconf 80' lang='lat' dir='ltr'><strong>inimicitia,</strong></span> <span class='ocrx_word' id='word_1_186' title='bbox 332 874 371 893; x_wconf 78' lang='lat' dir='ltr'><strong>tale</strong></span> <span class='ocrx_word' id='word_1_187' title='bbox 389 874 453 893; x_wconf 82' lang='lat' dir='ltr'><strong>odium</strong></span> <span class='ocrx_word' id='word_1_188' title='bbox 471 873 522 893; x_wconf 83' lang='lat' dir='ltr'><strong>inter</strong></span> <span class='ocrx_word' id='word_1_189' title='bbox 539 873 613 893; x_wconf 85' lang='lat' dir='ltr'><strong>eosdem</strong></span> <span class='ocrx_word' id='word_1_190' title='bbox 630 873 732 896; x_wconf 81' lang='lat' dir='ltr'><strong>exarserit,</strong></span> 
     </span>
     <span class='ocr_line' id='line_1_27' title="bbox 61 903 736 929; baseline 0.001 -7"><span class='ocrx_word' id='word_1_191' title='bbox 61 909 107 922; x_wconf 76' lang='lat' dir='ltr'><strong>oum</strong></span> <span class='ocrx_word' id='word_1_192' title='bbox 122 903 207 922; x_wconf 86' lang='lat' dir='ltr'><strong>fidelium</strong></span> <span class='ocrx_word' id='word_1_193' title='bbox 222 904 319 927; x_wconf 73' lang='lat' dir='ltr'><strong>seandalo,</strong></span> <span class='ocrx_word' id='word_1_194' title='bbox 334 906 354 923; x_wconf 83' lang='lat' dir='ltr'><strong>et</strong></span> <span class='ocrx_word' id='word_1_195' title='bbox 368 904 455 929; x_wconf 79' lang='lat' dir='ltr'><strong>publicae</strong></span> <span class='ocrx_word' id='word_1_196' title='bbox 469 904 619 929; x_wconf 78' lang='lat' dir='ltr'><strong>tranquillitatis</strong></span> <span class='ocrx_word' id='word_1_197' title='bbox 634 904 736 929; x_wconf 76' lang='lat' dir='ltr'><strong>perturba-</strong></span> 
     </span>
     <span class='ocr_line' id='line_1_28' title="bbox 62 933 734 960; baseline 0 -7"><span class='ocrx_word' id='word_1_198' title='bbox 62 933 124 956; x_wconf 70' lang='lat' dir='ltr'><strong>tione,</strong></span> <span class='ocrx_word' id='word_1_199' title='bbox 140 934 188 959; x_wconf 85' lang='lat' dir='ltr'><strong>quod</strong></span> <span class='ocrx_word' id='word_1_200' title='bbox 203 934 257 953; x_wconf 86' lang='lat' dir='ltr'><strong>nullo</strong></span> <span class='ocrx_word' id='word_1_201' title='bbox 271 934 326 953; x_wconf 87' lang='lat' dir='ltr'><strong>modo</strong></span> <span class='ocrx_word' id='word_1_202' title='bbox 340 934 445 953; x_wconf 81' lang='lat' dir='ltr'><strong>sedandum</strong></span> <span class='ocrx_word' id='word_1_203' title='bbox 456 934 495 953; x_wconf 80' lang='lat' dir='ltr'><strong>fore</strong></span> <span class='ocrx_word' id='word_1_204' title='bbox 505 934 578 960; x_wconf 78' lang='lat' dir='ltr'><strong>sperari</strong></span> <span class='ocrx_word' id='word_1_205' title='bbox 589 935 671 959; x_wconf 78' lang='lat' dir='ltr'><strong>poterat.</strong></span> <span class='ocrx_word' id='word_1_206' title='bbox 683 933 734 953; x_wconf 83' lang='lat' dir='ltr'><strong>Hinc</strong></span> 
     </span>
     <span class='ocr_line' id='line_1_29' title="bbox 62 964 733 991; baseline 0 -8"><span class='ocrx_word' id='word_1_207' title='bbox 62 964 81 983; x_wconf 85' lang='lat' dir='ltr'><strong>si</strong></span> <span class='ocrx_word' id='word_1_208' title='bbox 89 965 150 989; x_wconf 63' lang='lat' dir='ltr'><strong>poene</strong></span> <span class='ocrx_word' id='word_1_209' title='bbox 157 964 268 983; x_wconf 81' lang='lat' dir='ltr'><strong>remotionis</strong></span> <span class='ocrx_word' id='word_1_210' title='bbox 277 964 371 983; x_wconf 75' lang='lat' dir='ltr'><strong>multatus</strong></span> <span class='ocrx_word' id='word_1_211' title='bbox 381 964 425 987; x_wconf 68' lang='lat' dir='ltr'><strong>fuit,</strong></span> <span class='ocrx_word' id='word_1_212' title='bbox 435 970 472 991; x_wconf 80' lang='lat' dir='ltr'><strong>non</strong></span> <span class='ocrx_word' id='word_1_213' title='bbox 480 964 583 984; x_wconf 76' lang='lat' dir='ltr'><strong>arbitrarie</strong></span> <span class='ocrx_word' id='word_1_214' title='bbox 590 965 610 983; x_wconf 82' lang='lat' dir='ltr'><strong>et</strong></span> <span class='ocrx_word' id='word_1_215' title='bbox 620 964 661 983; x_wconf 83' lang='lat' dir='ltr'><strong>sine</strong></span> <span class='ocrx_word' id='word_1_216' title='bbox 668 970 733 986; x_wconf 78' lang='lat' dir='ltr'><strong>causa,</strong></span> 
     </span>
     <span class='ocr_line' id='line_1_30' title="bbox 62 994 733 1020; baseline -0.001 -7"><span class='ocrx_word' id='word_1_217' title='bbox 62 994 97 1013; x_wconf 78' lang='lat' dir='ltr'><strong>sed</strong></span> <span class='ocrx_word' id='word_1_218' title='bbox 111 994 163 1019; x_wconf 66' lang='lat' dir='ltr'><strong>quia,</strong></span> <span class='ocrx_word' id='word_1_219' title='bbox 179 994 249 1020; x_wconf 87' lang='lat' dir='ltr'><strong>spretis</strong></span> <span class='ocrx_word' id='word_1_220' title='bbox 262 994 352 1020; x_wconf 78' lang='lat' dir='ltr'><strong>Episcopi</strong></span> <span class='ocrx_word' id='word_1_221' title='bbox 367 994 471 1017; x_wconf 75' lang='lat' dir='ltr'><strong>mandatis,</strong></span> <span class='ocrx_word' id='word_1_222' title='bbox 483 994 615 1014; x_wconf 85' lang='lat' dir='ltr'><strong>inobedienter</strong></span> <span class='ocrx_word' id='word_1_223' title='bbox 622 994 733 1013; x_wconf 76' lang='lat' dir='ltr'><strong>constanter</strong></span> 
     </span>
     <span class='ocr_line' id='line_1_31' title="bbox 62 1024 735 1050; baseline 0 -7"><span class='ocrx_word' id='word_1_224' title='bbox 62 1030 85 1043; x_wconf 71' lang='lat' dir='ltr'><strong>se</strong></span> <span class='ocrx_word' id='word_1_225' title='bbox 99 1024 159 1049; x_wconf 85' lang='lat' dir='ltr'><strong>gessit</strong></span> <span class='ocrx_word' id='word_1_226' title='bbox 177 1024 266 1044; x_wconf 77' lang='lat' dir='ltr'><strong>Ioannes:</strong></span> <span class='ocrx_word' id='word_1_227' title='bbox 282 1025 302 1043; x_wconf 91' lang='lat' dir='ltr'><strong>et</strong></span> <span class='ocrx_word' id='word_1_228' title='bbox 315 1024 360 1050; x_wconf 77' lang='lat' dir='ltr'><strong>quia</strong></span> <span class='ocrx_word' id='word_1_229' title='bbox 379 1025 449 1044; x_wconf 85' lang='lat' dir='ltr'><strong>bonum</strong></span> <span class='ocrx_word' id='word_1_230' title='bbox 468 1024 577 1043; x_wconf 80' lang='lat' dir='ltr'><strong>animarum</strong></span> <span class='ocrx_word' id='word_1_231' title='bbox 596 1024 615 1043; x_wconf 89' lang='lat' dir='ltr'><strong>id</strong></span> <span class='ocrx_word' id='word_1_232' title='bbox 633 1030 735 1049; x_wconf 78' lang='lat' dir='ltr'><strong>exposcere</strong></span> 
     </span>
     <span class='ocr_line' id='line_1_32' title="bbox 62 1054 272 1073; baseline 0 0"><span class='ocrx_word' id='word_1_233' title='bbox 62 1054 144 1073; x_wconf 85' lang='lat' dir='ltr'><strong>omnino</strong></span> <span class='ocrx_word' id='word_1_234' title='bbox 157 1055 220 1073; x_wconf 84' lang='lat' dir='ltr'><strong>visum</strong></span> <span class='ocrx_word' id='word_1_235' title='bbox 235 1055 272 1073; x_wconf 85' lang='lat' dir='ltr'><strong>est.</strong></span> 
     </span>
    </p>

    <p class='ocr_par' dir='ltr' id='par_1_6' title="bbox 60 1084 735 1171">
     <span class='ocr_line' id='line_1_33' title="bbox 105 1084 735 1110; baseline 0 -7"><span class='ocrx_word' id='word_1_236' title='bbox 105 1084 182 1104; x_wconf 83' lang='lat' dir='ltr'><strong>Adiecit</strong></span> <span class='ocrx_word' id='word_1_237' title='bbox 196 1085 260 1104; x_wconf 79' lang='lat' dir='ltr'><strong>autem</strong></span> <span class='ocrx_word' id='word_1_238' title='bbox 275 1084 387 1110; x_wconf 80' lang='lat' dir='ltr'><strong>Episcopus,</strong></span> <span class='ocrx_word' id='word_1_239' title='bbox 403 1084 509 1103; x_wconf 81' lang='lat' dir='ltr'><strong>notandum</strong></span> <span class='ocrx_word' id='word_1_240' title='bbox 519 1090 592 1110; x_wconf 83' lang='lat' dir='ltr'><strong>quoque</strong></span> <span class='ocrx_word' id='word_1_241' title='bbox 606 1090 654 1108; x_wconf 65' lang='lat' dir='ltr'><strong>esse,</strong></span> <span class='ocrx_word' id='word_1_242' title='bbox 670 1090 735 1103; x_wconf 86' lang='lat' dir='ltr'><strong>sacer-</strong></span> 
     </span>
     <span class='ocr_line' id='line_1_34' title="bbox 60 1114 733 1140; baseline 0 -6"><span class='ocrx_word' id='word_1_243' title='bbox 60 1114 118 1134; x_wconf 84' lang='lat' dir='ltr'><strong>dotes</strong></span> <span class='ocrx_word' id='word_1_244' title='bbox 132 1115 165 1140; x_wconf 88' lang='lat' dir='ltr'><strong>qui</strong></span> <span class='ocrx_word' id='word_1_245' title='bbox 178 1114 263 1134; x_wconf 80' lang='lat' dir='ltr'><strong>Insulam</strong></span> <span class='ocrx_word' id='word_1_246' title='bbox 278 1114 350 1134; x_wconf 78' lang='lat' dir='ltr'><strong>adeunt</strong></span> <span class='ocrx_word' id='word_1_247' title='bbox 364 1114 491 1134; x_wconf 84' lang='lat' dir='ltr'><strong>Borbonicam</strong></span> <span class='ocrx_word' id='word_1_248' title='bbox 506 1121 544 1134; x_wconf 91' lang='lat' dir='ltr'><strong>non</strong></span> <span class='ocrx_word' id='word_1_249' title='bbox 558 1115 619 1134; x_wconf 83' lang='lat' dir='ltr'><strong>videri</strong></span> <span class='ocrx_word' id='word_1_250' title='bbox 634 1114 733 1140; x_wconf 76' lang='lat' dir='ltr'><strong>mancipa-</strong></span> 
     </span>
     <span class='ocr_line' id='line_1_35' title="bbox 61 1144 733 1171; baseline 0 -7"><span class='ocrx_word' id='word_1_251' title='bbox 61 1145 94 1163; x_wconf 76' lang='lat' dir='ltr'><strong>tos</strong></span> <span class='ocrx_word' id='word_1_252' title='bbox 108 1145 194 1164; x_wconf 83' lang='lat' dir='ltr'><strong>Dioeoesi</strong></span> <span class='ocrx_word' id='word_1_253' title='bbox 208 1151 241 1171; x_wconf 85' lang='lat' dir='ltr'><strong>per</strong></span> <span class='ocrx_word' id='word_1_254' title='bbox 255 1151 320 1164; x_wconf 82' lang='lat' dir='ltr'><strong>veram</strong></span> <span class='ocrx_word' id='word_1_255' title='bbox 335 1146 355 1164; x_wconf 87' lang='lat' dir='ltr'><strong>et</strong></span> <span class='ocrx_word' id='word_1_256' title='bbox 371 1145 447 1170; x_wconf 88' lang='lat' dir='ltr'><strong>proprie</strong></span> <span class='ocrx_word' id='word_1_257' title='bbox 463 1145 534 1164; x_wconf 74' lang='lat' dir='ltr'><strong>dictam</strong></span> <span class='ocrx_word' id='word_1_258' title='bbox 551 1144 733 1168; x_wconf 75' lang='lat' dir='ltr'><strong>incardinationem,</strong></span> 
     </span>
    </p>
   </div>
  </div>
 </body>
</html>
