885 1246
192 61 225 77 180
373 66 509 80 rumsnrmms,
523 56 636 78 snsrznsiossus
647 66 685 77 ιτα.

190 90 223 109 sed
238 90 366 109 missionariis
380 90 506 109 accensendos
520 94 568 112 esse,
579 90 612 115 qui
623 90 708 109 Galliam
721 90 834 115 relinquunt
842 92 861 109 ut

189 120 214 139 ad
228 120 329 139 missiones
343 126 363 139 se
377 120 484 143 conferant,
501 120 583 145 indeque
597 127 630 146 pro
640 127 674 140 suo
691 120 754 140 lubitu
764 120 860 139 discedunt

190 150 298 169 utiterum
317 150 337 168 iu
356 150 440 175 patriam
459 151 589 169 revertantur.
609 150 730 176 Quapropter
749 150 858 176 Episcopus,

190 180 247 199 iustis
262 180 341 199 innixus
355 180 424 203 causis,
443 180 557 199 removendo
568 181 700 206 presbyterum
711 180 810 204 Ioannem,
823 181 860 200 iure

189 216 235 229 usus
242 211 272 229 est
280 209 410 235 propri0.1deo
417 210 441 229 ad
449 210 520 229 damna
525 210 646 229 resarcienda
653 210 704 229 haud
711 211 772 229 teneri
778 210 860 233 videtur,

189 241 235 266 quia
245 240 318 259 iniurie
325 240 391 259 eadem
401 247 439 260 nou
450 240 525 259 intulit.
535 240 613 260 Etenim
622 241 691 266 siquid
699 242 733 260 aut
740 241 783 260 iure
791 240 860 260 factum

190 271 223 294 sit,
235 272 269 290 aut
279 271 320 290 iure
330 271 429 294 omissum,
441 271 478 290 etsi
488 271 626 290 detrimentum
636 271 681 290 hinc
688 270 746 290 alteri
754 271 859 293 obvenerit,

189 301 244 321 nulla
253 302 319 320 tamen
329 302 358 320 est
368 301 434 320 damni
444 300 541 326 quaerela,
552 301 598 326 quia
613 307 668 320 nemo
682 301 774 320 damnum
789 301 862 320 dedisse

189 331 314 357 intelligitur,
331 332 374 350 nisi
388 333 425 357 qui
440 331 462 350 id
475 331 526 356 facit
540 331 593 356 quod
606 331 673 356 facere
687 333 721 350 ius
737 338 779 350 non
794 332 862 353 habet,-

190 362 204 381 l.
216 362 255 381 151
267 362 288 388 ff.
301 362 323 381 de
334 368 376 388 req.
389 363 432 380 iur.

229 392 329 411 anssusm
350 391 478 411 SAcnnnows.
502 391 557 410 Haud
580 391 709 411 omittendum
732 392 762 411 est
771 405 776 414 ,
799 392 862 411 decre-

189 424 231 442 tum
245 422 358 441 remotionis
372 422 396 441 ab
410 421 471 441 officio
485 421 598 447 parochiali,
610 421 651 447 ipso
666 421 707 440 iure
721 421 797 441 nullum
812 428 860 444 esse,

189 453 235 487 quia
248 453 322 472 editum
336 452 375 471 fuit
389 453 459 478 absque
473 452 566 471 citatione
580 452 641 477 partis
651 452 750 471 adversae.
762 452 789 471 Et
800 452 861 477 posita

193 483 214 502 in
229 483 270 502 iure
284 482 447 502 inamovibilitate
461 482 547 508 parochi,
563 488 623 515 neque
638 482 727 501 coercitio
738 482 762 501 ad
777 483 862 508 tempus,

192 519 253 539 neque
268 512 335 532 totalis
349 513 434 541 privatio
448 512 501 531 valet
515 512 586 537 infligi,
602 512 640 531 nisi
655 512 708 531 trina
722 512 816 531 canonica
824 519 863 531 mo-

189 543 264 563 nitione
278 542 390 568 praemissa
406 544 441 561 aut
455 543 494 561 una
508 548 542 567 pro
557 541 626 561 tribus
644 542 710 567 Neque
724 542 780 561 obiici
799 543 861 568 potest

190 573 222 599 agi
236 573 257 592 in
271 572 357 592 themate
372 573 395 592 de
409 572 491 598 parocho
505 571 605 591 amovibili
619 572 643 591 ad
657 573 736 595 nutnm;
753 572 827 591 etenim
843 573 860 591 in

191 603 256 623 Gallia
266 605 290 622 ad
298 602 381 622 officium
389 602 499 628 parochiale
509 602 609 627 eliguntur
617 608 666 627 quos
675 602 767 621 ecclesiae
775 608 864 621 canones

190 635 309 660 requirunt.
325 632 387 655 Quum
407 633 472 652 autem
491 632 547 651 electi
561 632 642 655 fuerint,
658 632 756 652 institutio
769 633 863 652 canonica

189 664 260 684 eisdem
275 663 375 685 tribuitur,
390 663 461 688 absque
475 662 515 681 ulla
529 662 654 681 distinctione
668 662 720 681 inter
729 662 823 688 parochos
833 669 863 682 re-

190 694 287 719 gionarios
301 694 320 712 et
335 693 466 712 subsidiarios.

230 724 287 742 Hisce
301 723 370 748 positis
384 723 408 742 ad
422 722 512 741 tramites
526 722 573 741 iuris
583 722 626 741 erat
638 722 778 747 procedendum
793 723 863 742 adver-

189 759 221 772 sus
236 752 368 778 presbyterum
383 751 482 770 Ioannem.
498 750 586 770 Admisso
596 751 655 770 etiam
665 751 714 776 quod
723 751 815 777 Episcopi
831 752 863 771 de-

190 783 264 802 cretum
278 781 407 804 sustineatur,
423 781 464 800 eius
478 780 575 799 sententia
589 787 613 799 ex
627 780 732 800 informata
741 782 862 801 conscientia

188 811 305 832 infirmanda
324 811 408 830 videtur.
424 811 504 830 Etenim
520 811 556 830 etsi
571 810 630 830 liceat
648 817 673 830 em
690 811 747 830 Trici.
765 811 818 831 Sess.
837 812 862 831 14

189 849 232 869 cap.
249 842 260 861 1
275 842 299 861 de
313 842 353 867 ref.
368 841 418 861 hanc
432 841 521 867 infligere
535 841 685 866 suspensionem,
695 842 806 861 tamennon
818 848 863 868 pro-

189 873 276 893 tenditur
292 872 316 890 ad
330 872 458 897 privationem
474 871 619 894 iurisdictionis,
627 871 659 890 sed
674 871 772 890 limitatur
788 872 813 891 ad
831 878 864 891 sn-

189 903 309 930 gpeusionem
324 902 348 921 ab
362 902 435 921 ordinis
449 901 541 921 exercitio
554 902 574 920 et
587 907 667 920 ascensu
682 901 705 920 ad
725 901 808 921 maiores
830 908 862 921 or-

189 934 250 954 dines.

229 964 333 984 Praeterea
343 962 420 982 videtur
429 961 534 987 Episcopus
541 961 600 980 nimis
610 960 676 980 faciles
686 967 742 980 aures
750 961 863 986 praebuisse

188 995 269 1014 duarum
288 993 447 1013 muliercularum
466 990 693 1017 depositionibus.,Quas
712 991 791 1010 omnino
809 991 863 1011 inter

187 1027 262 1045 atroces
275 1024 384 1044 calumnias
398 1022 529 1042 amandandas
538 1028 586 1045 esse,
597 1027 622 1041 ex
631 1021 705 1045 litteris
713 1021 774 1047 ipsius
784 1021 862 1041 Vicarii

187 1055 296 1078 Generalis,
314 1054 383 1073 ultimo
397 1053 456 1075 datis,
471 1052 553 1071 eruitur.
563 1052 601 1071 Iste
611 1051 662 1070 enim
673 1051 706 1077 qui
716 1051 862 1071 accusationem

188 1086 293 1110 receperat,
309 1083 413 1103 confitetur
423 1082 443 1101 iu
453 1081 525 1101 eisdem
541 1081 620 1103 litteris,
632 1080 774 1104 mulierculam,
789 1081 812 1100 de
823 1087 863 1107 qua

187 1115 209 1134 in
222 1120 275 1138 casu,
291 1114 334 1140 plus
349 1113 415 1132 anima
428 1118 486 1137 quam
505 1117 582 1137 corpore
601 1111 688 1136 nigram,
708 1112 802 1130 testatam
816 1117 861 1130 esse

187 1151 208 1165 ιθ
222 1144 270 1164 falso
284 1144 346 1164 alium
364 1141 502 1162 confessarium
517 1141 539 1161 de
553 1141 689 1160 sollicitatione
706 1147 812 1161 accusasse.
830 1141 863 1161 Ex
