885 1246
260 55 406 68 REINTRGRATloms
418 56 434 67 in
447 56 543 68 munzun!
702 53 734 69 175

104 79 204 98 Dnrssnsio
218 79 303 99 Colum.
319 80 398 99 Nullum
413 80 491 100 dubium
502 81 564 100 inesse
573 82 636 107 potest
643 82 692 107 quod
699 82 738 101 Pa-

64 109 155 128 roohialis
169 109 256 129 Ecclesia
270 111 331 136 possit
346 111 463 134 renunciari,
480 111 509 132 uti
524 112 578 137 patet
591 112 658 131 extit.
669 112 692 131 de
705 119 738 132 re-

65 142 160 159 nunciat.
177 141 197 160 et
214 141 234 160 in
253 141 322 167 specie,
338 144 382 167 post
395 141 467 162 multos
481 142 552 161 relatos
566 145 661 166 auctores,
677 143 738 162 tradit

64 170 156 190 nomin.
166 171 240 191 Poris.
256 171 285 191 De
299 172 493 198 resiqnat.-benefie.
509 173 543 192 lib.
558 172 573 193 2
586 179 605 198 q.
622 172 634 191 1
648 179 671 192 n.
688 173 737 196 104,·
772 176 777 182 ³

65 201 193 226 unusquisque
208 201 259 220 enim
274 203 337 227 potest
347 202 460 221 renunciare
467 202 558 222 beneficio
565 203 602 222 sibi
612 204 735 229 competenti,

65 234 107 250 tum
124 231 145 250 in
159 231 300 257 spiritualibus,
315 233 357 251 tum
372 232 392 251 in
411 232 548 258 temporalibus
563 233 592 252 uti
609 233 661 252 docel
677 233 735 252 Gare.

62 267 85 286 p.
101 260 116 281 2
128 267 172 287 cap.
188 261 202 281 3
215 268 237 280 n.
253 261 267 280 4
281 265 299 281 ei
315 262 421 288 confirmat
440 262 528 282 Barbosa
547 263 570 282 de
588 264 617 288 os.
633 266 652 282 et
664 266 735 289 potest.

64 291 137 311 Paroa.
150 298 174 317 p.
189 291 204 312 2
217 298 260 318 cap.
277 291 313 312 29.
328 292 357 312 Ut
370 293 435 312 autem
454 293 576 313 renunciatio
592 293 658 313 valeat
674 293 737 313 tribus

65 322 121 341 debet
135 322 276 342 conditionibus
290 323 349 342 inniti
363 328 439 348 nempe,
454 323 503 348 quod
518 323 544 342 sit
558 323 671 349 spontanea,
687 324 737 349 quod

65 352 91 371 sit
105 353 204 378 acceptata
218 359 230 371 a
244 352 332 378 legitimo
346 353 443 378 superiore
457 354 477 372 et
490 353 540 378 qnod
554 354 589 373 flat
598 360 623 373 ex
631 360 696 377 causa,
707 360 737 374 se-

65 388 98 401 cus
111 388 150 401 non
164 384 306 408 acceptaretur3
323 383 351 402 ita
366 389 405 402 una
418 383 465 402 echo
483 384 629 403 canonistarum
639 384 708 403 Schola
718 385 738 404 et

64 413 166 438 praecipue
180 412 320 438 Reiffensiuel
336 415 368 432 tit.
384 413 413 432 De
427 420 513 433 renunc.
529 417 574 433 sect.
585 414 597 433 1
606 420 627 433 n.
641 414 652 433 1
667 420 738 434 renun-

64 442 168 462 ciationem
183 443 276 462 definiens
290 443 339 468 quod
353 443 380 462 sit
398 446 510 469 spontanea
528 444 619 469 beneficii
637 443 736 463 Ecclesia-

64 474 111 491 πίστ’
124 472 224 496 dimissio,
239 474 294 498 facta
308 480 376 492 coram
389 475 493 499 superiore
508 474 598 500 leyiti'mo
612 480 657 493 eam
671 480 738 500 accep-

65 505 120 522 tante
132 510 150 521 ».
166 503 225 529 Atqui
240 504 260 522 in
274 503 325 523 facto
339 505 368 523 est
382 504 432 529 quod
446 504 533 523 sacerdos
542 504 565 523 L.
577 504 668 523 nuncium
683 504 737 524 misit

64 533 168 553 paroeciae
182 535 201 553 et
215 534 256 553 eius
270 534 391 553 renunciatio
405 534 492 553 iuridicis
507 533 544 553 fuit
557 534 630 553 vestita
643 534 738 554 conditio-

64 563 128 583 nibus.
145 563 194 583 Sane
208 564 257 589 quod
271 564 384 583 Paroeciam
393 564 422 583 Μ.
431 564 533 587 dimiserit,
545 565 621 584 constat
630 570 655 583 ex
664 564 737 584 litteris

64 594 137 613 Decani
151 594 226 617 eun-ati,
242 594 284 613 eius
293 594 370 613 nomine
380 594 404 613 ad
413 594 529 620 Episcopum
539 594 599 613 dati-s:
612 594 662 620 quod
671 595 737 614 autem

65 631 76 643 a
90 625 210 649 competente
224 624 340 643 auctoritate
356 624 415 644 fuerit
429 625 538 650 acceptata,
556 624 653 644 evincitur
666 631 690 643 ex
707 625 737 644 in-

65 654 180 674 formatione
193 654 254 680 ipsius
268 654 376 674 Ordinarii:
392 655 442 680 quod
456 656 521 674 autem
533 654 592 674 fuerit
602 656 707 680 spontanea
716 656 737 674 et

64 690 103 704 non
116 685 210 708 coactiva,
222 686 242 704 et
251 684 303 704 faeta
318 691 342 704 ex
358 691 422 708 causa,
440 691 465 704 ex
478 691 500 704 eo
518 685 667 710 deprehenditur
685 685 735 710 quod

63 715 109 734 iniit
122 715 172 734 hanc
186 715 262 734 consilii
282 715 386 738 rationem,
403 716 504 740 postquam
521 715 586 734 omnia
604 714 734 740 expendisset.

64 745 128 767 Quare
142 746 163 764 in
177 746 330 771 praesentiarum
344 745 406 764 locum
417 745 476 765 habet
485 745 534 770 quod
545 745 624 764 notatur
633 745 654 764 in
663 751 735 764 canone

66 775 133 797 Quam
143 776 283 801 periculosum
294 775 314 794 7.
330 781 349 801 q.
366 775 385 794 1.
402 781 427 794 eac
440 773 501 800 copii.
516 781 564 794 cum
574 776 629 794 inter
638 774 665 793 R.
678 774 704 793 16
714 774 737 793 de

63 806 147 825 eletione
162 807 233 825 iuncta
246 806 311 832 ¹qlossa
327 805 399 825 ibidem
414 805 447 830 qui
461 805 498 824 iuri
509 811 543 824 suo
552 804 611 824 semel
625 804 735 828 renunciat,

64 842 103 855 non
116 837 180 862 potest
193 837 260 862 postea
273 836 297 855 ad
312 835 361 855 illud
375 835 443 855 redire.
459 835 508 854 Item
518 835 567 854 illud
575 834 678 860 vulgatum
687 834 737 860 quod

63 866 118 892 prius
136 868 179 885 erat
197 866 311 889 voluntatis,
327 867 393 892 postea
411 865 434 885 fit
453 865 573 885 necessitatis
589 865 640 891 Arq.
658 865 670 883 1
684 865 740 884 sicut

66 896 132 916 Codic.
148 896 178 915 De
191 899 229 916 act.
244 899 262 916 et
275 896 356 922 obliqui.
372 896 506 922 Reiffenstuel
522 897 553 914 tit.
570 895 599 914 De
609 895 735 914 Renunciat-

63 927 84 952 §-
99 925 114 947 2
128 932 150 945 n.
165 925 200 946 39.

104 956 187 976 Parochi
200 956 288 975 Oratoris
307 956 405 975 contraria
423 955 504 975 assertio
522 955 678 981 parvipendenda
695 961 735 974 esse

63 987 148 1010 videtum
160 987 205 1012 quia
215 987 291 1005 animus
305 986 409 1006 sacerdotis
416 986 439 1005 L.
451 982 517 1005 ‘varius
526 986 546 1004 et
556 985 656 1005 mutabilis
665 987 695 1004 est
704 985 735 1004 iu-

63 1017 106 1037 dole
120 1018 162 1040 su&
173 1019 193 1036 et
207 1016 235 1036 nil
249 1017 320 1036 mirum
330 1017 416 1042 proinde,
427 1017 443 1036 si
457 1016 507 1041 quod
517 1017 570 1041 prius
579 1015 662 1035 asseruit
669 1016 736 1041 postea

63 1048 153 1073 denegat.
169 1047 221 1069 Quin
235 1047 302 1072 oggeri
316 1047 376 1073 possit
389 1047 439 1073 quod
453 1046 543 1072 Episcopi
551 1045 692 1069 testimonium,
703 1046 735 1065 ut-

63 1079 107 1103 pote
122 1078 142 1097 in
157 1084 214 1097 causa
228 1073 312 1103 propria,
328 1077 354 1096 sit
368 1078 487 1103 suspecturm
503 1076 560 1095 facile
574 1076 626 1095 enim
635 1075 688 1095 credi
697 1081 736 1095 non

63 1109 134 1133 potest,
150 1109 172 1127 ut
186 1108 214 1127 ait
228 1107 301 1127 Bened.
316 1107 364 1126 XIV
377 1105 466 1127 Constit.'
480 1106 533 1126 Cum
543 1106 596 1125 illud
605 1106 625 1131 ἓ,
637 1105 664 1125 16
678 1112 700 1125 n.
712 1105 733 1124 7.

63 1138 167 1165 Episoopos
180 1144 226 1158 suae
240 1144 278 1158 non
292 1138 356 1157 minus
369 1143 427 1163 quam
437 1137 513 1157 alienae
523 1136 592 1156 salutis
606 1136 653 1156 adeo
667 1136 736 1155 imme-
