885 1246
214 60 234 76 58
469 62 611 75 rAn'ricirnmms

214 93 240 106 im
246 87 335 106 innixum
340 88 416 107 cuidam
422 87 542 113 dispositioni
555 87 675 110 Statutorum
682 87 821 113 capitularium
826 94 861 113 por-

214 118 273 137 louem
288 118 362 137 solvere
372 118 444 137 renuit.
455 117 563 143 Eapropter
577 118 679 137 canonicus
688 117 779 143 Iosephus
789 118 861 143 supplici

214 147 265 167 blato
273 147 338 167 libello
352 148 383 167 die
392 148 416 167 21
430 148 499 167 Martii
512 147 602 171 1877‚ad
608 147 657 167 S.C.
668 148 690 167 C.
705 147 800 173 confugit,
814 148 861 167 enixe

214 184 271 203 agans
280 179 303 197 ut
312 178 419 197 declararet
433 178 469 197 sibi
484 178 514 197 ius
523 184 563 197 esse
577 179 645 197 contra
652 178 771 203 Capitulum,
783 180 861 203 tempore

214 214 238 227 uo
252 207 321 231 abfuit,
337 208 467 228 Canonicatus
476 208 506 227 sui
516 208 683 234 participationem
697 209 738 227 tam
753 207 862 233 pexsolutam

214 245 258 258 uam
272 238 418 264 persolvendam
433 238 550 261 vindicandi,
566 238 598 257 vel
613 238 682 257 saltem
692 239 714 258 ut
723 244 767 257 cum
781 244 803 257 eo
817 238 862 257 beni-

215 275 239 287 ne
252 268 381 294 dispensetur.
395 280 397 282 -

412 335 540 352 nutent-u·
550 336 658 353 ayn-pns-
695 335 698 339 '

241 388 298 410 Qum
317 394 395 407 CONTRA
414 394 520 407 canonum
537 394 613 408 monim
634 394 741 407 vmnn'run.
762 388 784 407 In
804 388 864 414 primis

214 420 274 438 fustra
287 418 358 437 Orator
371 418 483 437 adlaborare
497 418 581 440 videtur,
597 419 619 437 ut
633 424 687 437 suam
704 418 801 437 diutinam
816 418 865 437 iusti-

215 454 259 468 oare
273 448 381 468 absentiam
393 447 465 470 valeat,
477 449 518 467 tum
529 449 582 467 metu
589 448 678 471 carceris,
687 449 729 467 tum
739 447 817 467 defectu
826 454 864 467 con-

215 485 261 498 ruae
275 478 429 497 sustentationis.
445 478 547 497 Neminem
560 478 613 497 enim
627 478 683 501 latet,
699 479 772 497 metum
783 479 806 497 ut
815 484 865 497 excu-

214 510 231 528 et
240 509 264 528 ab
273 508 397 533 obligatione,
413 509 433 527 et
447 509 467 527 in
481 514 526 527 casu
540 509 563 528 ab
573 514 630 527 onere
640 508 743 531 residendi,
754 508 823 527 debere
832 514 865 527 esse

214 538 269 561 alem,
284 539 316 564 qui
331 538 351 557 in
365 538 462 557 hominem
477 540 598 557 constantem
612 538 677 557 cadat:
689 544 750 564 neque
761 538 815 558 enim
827 538 866 557 vani

214 569 277 588 imoris
292 568 332 588 ulla
346 568 444 588 excusatio
458 570 488 587 est
501 568 526 587 L.
542 568 621 587 Mecum
635 568 655 587 6.
672 568 692 587 7.
707 569 729 594 ff.
740 568 793 594 quod
808 571 866 587 metus

214 605 262 619 ausa
276 599 289 618 l.
307 598 348 617 184
362 599 385 618 de
398 598 473 625 Reyul.
485 598 509 621 9,·
519 605 553 617 nec
567 598 638 618 sufficit
652 598 736 624 quolibet
751 600 825 618 terrore
838 599 866 618 ad-

214 631 257 649 ucto
270 635 385 655 quemquam
399 629 487 648 timuisse
501 629 515 648 l.
531 631 597 648 ‘metus
606 628 620 648 3
629 629 651 654 ff.
667 635 692 648 ex
708 629 782 654 quibus
802 631 865 648 causis

214 662 295 680 maiores.
306 660 345 679 Neo
355 660 403 679 satis
417 660 483 685 gravis
497 661 526 679 est
536 661 599 679 metus
609 660 717 686 vexati-onis
726 660 824 685 alicuius,
834 660 866 679 nisi

214 692 221 710 t
231 690 310 710 vincula
324 690 433 716 praesentia
450 691 517 715 potens
524 690 646 709 adversarius
660 690 745 709 minatus
760 690 786 709 sit
795 690 822 709 L.
834 690 866 709 ult.

217 736 221 740 .
236 722 258 747 ff.
274 721 327 746 quod
341 723 408 739 metus
427 726 499 742 causa;
518 721 591 739 metum
609 720 661 740 euim
680 726 718 739 non
735 720 867 740 iactationibus

214 751 277 770 {ntum
287 750 319 769 vel
328 749 507 772 contestationibus,
519 749 551 768 sed
561 750 663 769 atrocitate
673 749 720 769 facti
734 750 815 775 purgari
829 755 868 769 con-

215 781 256 799 enit
270 780 295 799 L.
311 780 331 799 7.
347 779 427 799 et9cit.
444 781 476 798 tit.
491 782 509 798 et
523 779 601 799 ansius
611 786 654 805 cap.
667 780 692 799 11
703 781 723 805 ἓ.
734 780 749 799 4
762 787 784 799 η.
802 780 837 801 14,
846 780 868 799 16

214 810 272 830 tatuit
286 810 310 829 ad
324 809 480 829 constituendum
495 811 566 829 metum
577 809 667 835 legaliter
676 810 749 829 iustum
759 817 793 830 seu
802 811 867 830 cadeu-

214 847 241 859 3m
256 841 277 859 in
289 840 353 859 virum
368 841 496 862 constantem,
512 840 582 859 nedum
599 840 670 865 requiri
684 840 738 866 quod
751 841 834 860 malum
846 842 868 859 xit

216 870 289 890 bsolute
303 873 321 889 et
337 872 360 889 in
374 876 394 889 se
408 876 511 896 maynum
525 872 543 889 et
556 876 626 896 qrave,
641 870 675 889 sed
688 872 750 889 etiam
765 871 819 896 quod
833 876 868 889 me—

214 907 260 920 wens
275 906 317 919 mm
327 902 392 926 possit
406 900 467 925 facile
482 900 535 919 illud
551 900 646 926 depellere
660 903 697 919 aut
711 901 744 919 illi
760 906 866 920 occurrere.

214 930 258 949 [isce
273 931 293 949 in
307 931 383 950 casibus
396 936 441 949 vere
455 930 498 956 quis
507 930 545 949 dici
555 931 618 955 posset
633 931 729 956 impotens
742 930 766 949 ad
781 931 868 950 resisten-

214 966 256 979 um:
272 960 388 986 impotentia
401 960 453 979 enim
472 960 543 979 dicitur
557 962 579 979 ut
593 960 654 979 tradit
670 960 753 979 Barbas.
770 960 793 979 de
809 960 868 979 Cano-

214 992 255 1010 a‘cis
269 997 312 1016 cap.
328 990 356 1011 24
370 997 392 1009 n.
408 990 435 1010 39
445 991 520 1016 quando
534 991 621 1010 absentia
631 996 669 1010 non
679 992 708 1010 est
718 991 832 1010 voluntaria
841 990 867 1010 sed

214 1021 224 1040 b
238 1021 302 1046 aliquo
316 1020 367 1040 facto
381 1021 478 1043 causatum
495 1021 523 1040 ita
540 1022 562 1040 ut
578 1027 616 1040 non
632 1022 672 1040 stet
687 1027 721 1046 per
736 1021 868 1040 beneficiatum

214 1051 303 1071 uominus
316 1051 407 1070 resideat.
423 1051 496 1070 Deinde
511 1051 566 1070 iuxta
580 1050 715 1076 famigeratam
726 1051 814 1076 regulam
824 1050 868 1076 quod

214 1083 264 1101 ietus
278 1088 317 1101 non
331 1081 468 1107 praesumitur,
484 1082 534 1100 esset
544 1081 567 1100 ab
577 1081 675 1106 allegante
685 1081 794 1107 probandus
804 1082 825 1100 et
832 1081 868 1106 qui·

214 1117 244 1130 em
258 1111 315 1137 pleno
329 1112 349 1130 et
363 1111 506 1134 concludenter,
517 1111 541 1130 ad
551 1111 624 1130 tradita
632 1118 643 1130 a
653 1111 723 1131 Piton.
739 1111 820 1137 Discep.
833 1110 868 1130 110

218 1156 223 1160 .
234 1141 271 1163 34,
281 1148 294 1160 α
307 1141 352 1160 Voel
362 1141 396 1160 lib.
407 1141 428 1160 4.
440 1143 472 1160 tit.
483 1140 498 1161 2
507 1147 527 1160 η.
539 1141 573 1160 14.
585 1141 645 1167 Atqui
659 1141 706 1161 haec
720 1142 785 1161 omnia
795 1142 817 1161 in
831 1142 869 1161 the-
