885 1246
187 44 218 59 176
378 47 523 59 nzinrssssnnioxis
535 48 551 59 u<
564 47 659 59 unctum!

185 77 254 94 mores,
271 72 293 90 ut
307 71 349 90 odio
363 71 395 90 vel
409 71 475 90 favore
490 72 605 90 moveantur
612 72 633 90 et
642 71 711 90 dicant
725 71 801 90 bonum
816 77 859 90 ma-

186 102 239 122 lum,
255 101 335 120 malum
349 101 432 122 bonum,
444 104 543 127 ponentes
562 101 652 120 tenebras
669 102 745 123 lucem,
760 105 778 121 et
795 102 861 120 lucem

187 131 285 150 tenebras.
302 131 364 153 Quare
379 137 421 150 cum
436 131 486 150 nihil
500 132 563 151 obstet
577 131 679 157 quominus
693 132 780 151 dimissio
790 131 861 151 Paroe-

185 162 226 180 ciae
240 161 268 180 M.
285 161 373 186 legitima
386 161 474 181 habenda
488 167 526 180 non
540 161 574 184 sit,
590 162 677 187 expetita
695 168 707 180 a
723 162 822 181 sacerdote
836 162 858 180 L.

187 192 320 217 reintegratio,
336 192 449 217 deneganda
459 199 499 211 esse
509 192 593 211 videtur,

226 222 248 241 ln
259 222 334 248 perdita
344 223 410 241 tamen
417 222 520 248 hypothesi
528 222 577 247 quod
585 222 706 241 renunciatio
714 221 821 241 Paroeliiae
830 221 858 240 M.

187 258 199 271 a
212 251 299 271 Parocho
313 251 365 271 facta
379 252 460 271 minime
474 252 574 274 subsistat,
586 258 625 271 non
635 252 703 271 melior
719 253 785 270 tamen
801 251 861 277 ipsius

187 288 244 301 causa
258 281 330 300 evadit.
347 281 421 301 Scitum
435 282 488 301 enim
502 283 532 301 est
546 282 566 301 in
580 282 621 301 vim
629 282 744 301 Ooneordati
754 281 800 300 initi
810 282 862 300 inter

188 318 204 331 s.
220 311 287 331 Sedem
302 313 321 331 et
335 312 454 331 Gubernium
469 312 560 337 gallicum
573 318 606 332 an.
626 312 674 331 1801
691 312 786 337 duplicem
802 311 863 331 Paro-

188 342 266 361 chorum
280 342 362 367 speciem
377 342 397 361 in
411 342 447 361 hac
462 342 539 367 regione
554 342 664 365 inolevisse,
675 342 734 361 aliam
745 342 862 361 inamovibi-

188 371 235 390 lium
246 372 278 397 qui
291 371 391 397 eliguntur
404 378 448 391 eum
462 372 555 392 Gubernii
570 378 670 394 consensu,
682 378 693 391 a
702 378 739 397 quo
749 372 862 397 pensionem

189 402 291 427 recipiunt,
307 403 327 420 et
341 401 422 420 alteram
441 402 575 422 amovibilium
592 402 694 428 (annexes)
710 402 743 427 qui
762 401 864 427 eliguntur

189 432 248 451 libere
262 434 282 451 et
296 432 366 457 absque
386 432 498 451 interventu
516 432 580 451 civilis
596 432 698 458 potestatis
715 432 739 451 ab
752 431 861 457 Episcopis,

189 463 214 482 ad
227 469 307 488 quorum
322 465 390 482 nutum
401 464 494 482 removeri
505 463 535 482 vel
546 462 648 482 transferri
658 464 745 488 possunt.
757 462 810 485 Quae
820 469 864 488 spe-

190 493 245 512 cialis
254 492 362 512 Galliarum
369 492 468 512 Ecclesiae
477 493 587 518 disciplina,
599 493 645 512 lieet
655 493 718 518 prima
727 492 791 512 fronte
801 493 863 511 menti

191 523 301 542 Tridentini
315 522 395 542 minime
410 523 523 548 respondere
533 523 629 546 videatur,
640 524 727 542 attamen
737 523 798 542 eidem
809 523 861 542 haud

192 553 269 572 videtur
276 553 371 578 opposita,
380 553 436 572 iuxta
445 560 467 572 ea
477 559 524 579 quae
533 553 637 572 traduntur
644 553 664 572 in
672 560 718 572 sess.
727 553 762 573 24.
772 559 815 578 cap.
826 553 860 572 13.

190 582 219 602 De
235 582 327 608 Reform.
339 582 366 602 Et
375 583 391 602 si
401 583 477 608 aliquod
493 583 563 602 vitium
573 583 594 602 in
609 583 745 602 Ecclesiastica
759 583 864 609 disciplina

189 619 201 632 a
215 612 303 638 plurihus
317 612 398 632 saeculis
413 613 492 638 vigente
502 613 592 636 adfuerit,
605 613 639 632 hoc
649 614 737 633 sanatum
749 613 862 633 indubitan-

190 644 220 662 ter
234 642 272 662 fuit
286 649 310 662 ex
324 643 427 669 Rescripto
441 643 531 668 Gregorii
546 643 593 662 XVI
608 643 641 663 fel.
657 649 695 663 rec.
712 644 757 663 dato
771 644 795 663 ad
805 643 865 669 Epis-

190 680 258 699 copum
274 673 398 692 Leodiensem
415 673 446 692 die
463 674 470 692 l
487 673 535 692 Maii
554 673 605 692 1845
619 675 639 693 et
652 673 684 693 Pii
701 673 736 693 IX.
754 680 770 692 s.
789 680 815 693 m.
836 674 861 693 ad

191 703 306 729 Episcopum
321 703 455 723 Ebroicensem
470 704 500 723 die
515 704 528 722 5
541 703 630 723 Octobris
646 703 704 727 1864,
716 710 750 723 ceu
760 704 827 723 videre
835 706 866 723 est

191 733 212 752 in
220 733 335 752 Virdunen.
347 733 523 759 Reinceyratz'onis
531 735 554 753 in
562 733 681 753 Paroecz'am
689 733 717 754 23
725 734 799 753 Martii
807 734 864 753 1878

191 764 210 788 ἓ.
230 763 333 784 Quodlibet
348 763 386 789 (1).

231 793 262 813 Ex
276 794 345 819 quibus
360 793 409 812 haud
425 793 497 818 ambigi
511 799 565 819 posse
575 793 653 813 videtur
662 794 711 819 quod
721 794 813 819 Episcopi
823 794 866 813 iure

192 830 226 843 suo
240 825 330 846 utuntur,
341 823 357 843 si
368 823 415 843 alibi
430 823 549 842 transferant
563 823 659 843 Parochos
676 824 811 843 deservitores.
827 824 867 843 Pa-

193 854 246 873 roehi
263 854 314 873 enim
334 853 443 873 huiusmodi
460 853 577 872 considerari
596 854 676 879 possunt
693 853 724 873 vel
741 854 770 873 uti
789 853 866 873 Vinarii

192 883 305 903 amovibiles
319 883 342 902 ad
357 884 433 906 nutum,
450 883 481 902 vel
491 883 520 902 uti
531 889 647 908 possessores
656 883 743 903 beneficii
753 884 861 907 manualis;

192 914 213 933 in
228 915 308 939 utroque
318 914 383 932 tamen
398 908 445 932 casu¹
453 919 527 939 semper
537 913 557 932 in
568 909 622 932 illam
632 914 749 932 sententiam
761 914 868 933 devenien-

193 945 238 964 dum
252 950 293 963 esse
307 944 391 966 videtur,
407 950 456 969 quae
466 944 526 966 tenet,
538 943 642 969 Episcopos
656 949 709 969 posse
719 944 743 963 ad
753 945 824 963 nutum
834 950 867 963 eos

193 981 205 993 a
219 980 298 993 munere
312 974 397 993 obeundo
411 980 507 993 amovere.
523 973 586 995 Quum
594 974 618 993 ab
627 973 736 993 huiusmodi
751 974 866 993 remotioni-

193 1006 228 1025 bus
242 1005 335 1024 canonica
345 1004 406 1024 forma
415 1005 435 1023 et
445 1004 556 1023 iudiciarius
564 1004 609 1023 ordo
619 1004 691 1027 exulet,
703 1004 748 1030 quia
757 1005 805 1024 haec
816 1011 866 1024 non-

194 1035 231 1054 nisi
245 1035 266 1054 in
280 1034 418 1054 remotionibus
432 1034 510 1053 illarum
526 1034 657 1060 paroeciarum
671 1035 764 1060 exigitur,
776 1041 825 1060 quae
840 1036 868 1054 ti-

194 1065 236 1084 tulo
254 1066 345 1091 perpetuo
364 1063 497 1087 conferuntur,
512 1070 612 1090 perperam
627 1064 734 1087 Parochus,
754 1065 788 1090 qui
808 1065 868 1085 titulo

231 1132 252 1151 (1)
261 1133 308 1146 nm·
318 1132 386 1146 eiusmodi
396 1132 497 1149 qun-tionem,
508 1132 535 1145 im
546 1132 606 1145 rein-m
615 1132 647 1146 v01.
657 1133 678 1145 xi
688 1136 720 1149 m.
730 1132 762 1146 aeni
