885 1246
266 70 412 82 urwrwnnmms
423 69 439 81 ιΝ
452 69 547 81 tuomum
713 65 746 81 173

74 94 221 120 inquisitionem
234 94 370 120 postulaverit,
379 100 390 113 e
397 93 492 112 Paroehia
501 93 530 112 M.
539 99 596 118 quam
606 93 635 112 uti
645 93 744 113 Parochus

75 124 193 147 amovibilis,
204 124 263 150 vulgo
273 123 394 143 Desservant
407 124 431 143 ab
445 129 496 142 anno
512 123 562 143 1875
579 124 664 149 regebat,
680 124 704 143 ad
720 124 748 143 il-

75 155 114 174 lam
134 154 157 174 G.
173 154 247 180 pariter
265 154 389 173 amovibilem·
405 153 500 179 proficisci
516 153 589 172 iussum
606 160 653 173 esse.
674 154 748 173 Huius-

75 185 127 204 modi
141 185 173 204 sed
188 184 301 204 mandatum
315 184 384 209 exequi
403 184 488 203 renuisse
507 184 578 207 subdit7
599 190 621 203 eo
637 184 686 209 quod
703 184 748 203 sine

75 215 116 234 ulla
123 215 199 234 ratione
206 214 320 234 Parochiam
328 214 385 239 longe
390 214 484 233 minorem
489 214 542 233 adire
550 214 660 239 cogebatur.
672 214 714 236 Qua
722 214 745 234 de

75 251 96 264 re
106 245 195 264 Vicat-ius
204 244 300 270 generalis
308 244 405 270 prohibuit
417 244 518 270 quominus
529 244 569 269 ipse
579 244 599 263 in
610 244 705 264 Parochia
714 244 743 264 M.

76 275 147 295 Missae
161 275 277 294 sacrificium
291 274 365 298 litaret,
380 275 430 300 quod
445 274 497 294 illico
509 280 543 300 per
556 274 643 300 publicas
657 274 748 300 epheme-

75 306 126 325 rides
140 306 161 325 in
174 305 245 331 vulgus
259 305 332 324 editum
347 304 391 324 fuit.
409 304 517 330 Eapropter
532 304 569 324 tali
585 305 646 330 poena
662 304 747 325 afflictus

74 338 139 355 orator
148 336 204 355 enixe
213 336 294 361 rogabat
303 335 488 360 redintegrationem
497 335 517 354 in
527 335 599 354 dictam
609 335 730 354 Paroeoiam.

115 366 230 391 Requisitus
244 366 267 385 de
281 372 334 385 more
347 365 453 391 Episcopus
467 371 501 391 pro
515 364 652 384 informatione
661 366 681 384 et
690 366 745 388 voto,

74 396 125 415 datis
139 396 202 415 literis
216 396 254 415 diei
266 395 291 415 10
300 395 414 415 Novembris
431 395 482 415 1879
496 395 572 418 retulit,
589 395 710 414 Sacerdotem
721 396 746 414 L.

75 432 114 445 non
128 426 187 445 semel
201 432 262 451 neque
275 426 305 445 bis
315 432 327 445 a
334 426 374 445 suis
386 425 561 451 praedecessoribus
571 426 594 445 ab
604 431 643 444 una
652 425 676 444 ad
686 425 746 445 aliam

75 456 198 479 Paroeoiam,
213 456 332 475 translatum
350 455 419 478 fuisse,
434 456 485 481 quod
502 455 579 481 quidem
593 462 618 475 ex
634 455 747 475 rationabili

76 492 134 505 causa
148 485 221 505 factum
236 485 295 505 fuisse
309 486 365 505 dicit.
383 485 481 505 Paroehus
498 486 584 509 interim,
600 492 659 511 quum
673 491 744 505 novam

74 516 176 535 invisisset
189 515 297 539 eeclesiam,
314 516 334 535 in
348 522 403 535 suam
417 516 481 534 sedem
495 522 590 538 reversus,
607 521 640 541 per
649 516 748 541 antiquio-

75 552 117 565 rem
130 552 155 565 ex
168 546 268 569 Parochis,
285 546 386 565 certiorem
401 545 447 565 fecit
460 545 576 571 Episcopum
590 552 611 565 se
626 546 684 565 malle
701 552 747 565 suae

75 576 173 602 paroeciae
181 576 272 595 nuncium
280 576 365 598 mittere,
374 582 431 601 quam
439 582 509 595 novam
516 576 602 596 oblatam
610 582 683 601 regere.
692 576 748 595 Tune

75 606 195 626 renuntiatio
209 607 253 625 rata
266 606 334 625 habita
348 605 393 629 fuit,
409 606 510 632 assignata
524 607 590 626 tamen
606 607 697 632 pensione
711 613 749 626 an-

75 643 114 656 nua
130 636 181 655 1000
195 636 312 659 libellarum,
322 643 346 655 ex
356 636 414 656 fundo
424 643 458 662 pro
466 636 599 656 Sacerdotibus
614 637 697 656 infirmis
707 639 748 656 sta-

76 668 127 689 tuto,
143 666 271 692 rependenda.
288 666 349 685 Addit
362 666 468 692 Episcopus
482 667 569 686 eumdem
583 667 692 686 Paroehum
703 673 748 686 aere

75 696 139 716 alieno
152 696 211 715 nimis
225 702 266 715 esse
280 697 392 721 gravatum,
407 698 427 716 et
441 696 487 716 licet
501 697 556 717 bonis
570 697 693 723 honestisque
705 704 749 717 mo-

75 727 128 746 ribus
142 726 168 746 sit
182 727 275 750 imbutus,
287 727 353 746 tamen
362 726 426 752 plures
436 733 470 752 pet·
480 733 547 750 annos,
559 727 606 746 duas
616 727 695 747 iuvenes
705 734 748 747 mu-

61 779 65 783 ,
75 756 133 776 lieres
146 756 197 776 domi
212 756 405 779 retinuisse‚.oontra
419 757 557 783 praescriptum
575 757 697 777 dioecesanae
711 757 750 783 Sy-

76 786 130 806 nodi.

290 806 416 835 nuncupo-nn
426 819 534 835 amputa

116 876 215 896 DEFENSIO
229 876 327 896 PAROCffl.
343 876 436 896 Defensor
452 877 559 896 orationem
576 883 630 896 suam
647 877 750 896 exorditur

75 906 191 926 oocurrendo
204 906 322 929 difficultati,
338 912 387 932 quae
402 907 453 932 apud
467 906 534 926 Gallos
547 907 605 927 obiici
620 907 676 930 solet,
687 907 750 933 Leges

76 943 145 962 nempe
159 937 261 956 canonicas
274 937 295 956 vi
309 937 443 956 conventionis
453 937 505 956 inter
514 937 653 963 rempublicam
663 938 718 957 inam
727 938 748 957 et

76 968 164 986 sanctam
178 966 246 986 Sedem
261 967 364 986 innovatas
378 966 443 986 fuisse.
460 967 515 989 Quod
528 973 586 993 quam
596 974 607 986 a
617 968 658 987 iure
670 967 747 987 devium

77 997 111 1019 sit,
127 1003 183 1016 nemo
197 998 227 1016 est
240 997 273 1023 qui
287 1003 326 1016 non
339 997 401 1020 videt,
416 997 569 1023 quandoquidem
579 1004 613 1023 per
623 997 693 1017 initam
703 1004 750 1017 oon-

76 1028 188 1047 ventionem
202 1029 272 1051 certat,
290 1028 343 1054 leges
362 1029 464 1048 eanonioas
478 1028 537 1048 fuisse
551 1025 683 1048 confirmatas.
699 1029 748 1048 Cum

77 1059 129 1077 enim
144 1058 167 1077 de
181 1058 223 1077 iure
237 1058 349 1077 nominandi
364 1058 456 1084 parochos
470 1064 532 1078 sermo
546 1059 583 1081 est,
599 1060 680 1078 cavetur
693 1065 751 1084 opor-

77 1089 119 1107 tere
133 1088 214 1114 seligere
233 1094 333 1114 personas,
349 1094 401 1114 quas
417 1089 507 1108 ecclesiae
524 1094 611 1107 canones
629 1091 747 1114 requirunt.

76 1117 104 1137 Et
118 1119 219 1144 postquam
234 1118 290 1137 electi
305 1117 385 1142 fuerint,
401 1118 489 1138 sancitur
498 1124 625 1144 quoscumque
634 1120 657 1137 in
667 1120 700 1138 via
710 1118 750 1137 Do-

76 1149 134 1167 mini
141 1150 242 1174 operarios
252 1150 347 1167 canonice
358 1148 500 1168 instituendos.
512 1148 563 1168 Hinc
572 1147 645 1168 factum
655 1154 695 1168 esse
705 1148 752 1168 sub—
