885 1246
259 49 405 61 uinrnflnnioms
417 49 433 60 iu
446 49 542 61 urionem!
701 46 733 62 175

103 72 203 92 Dnrnnsxo
217 73 302 93 Colum.
318 73 397 92 Nullum
412 73 490 93 dubium
501 74 562 93 inesse
572 75 635 99 potest
642 74 690 99 quod
698 74 737 93 Pa-

57 103 154 122 -rochialis
168 103 255 123 Ecclesia
269 104 330 129 possit
345 104 462 127 renunciari,
479 104 508 123 uti
522 105 577 130 patet
590 110 614 123 ex
624 104 656 124 tit.
668 104 691 123 de
704 111 737 124 re·-

66 135 159 153 mumiat‘
177 135 196 153 et
213 134 233 153 iu
252 135 321 160 specie,
337 137 381 160 post
394 134 467 155 multos
480 135 551 154 relatos
565 138 660 158 auctores,
676 135 737 154 trudit

65 164 155 183 Flomin.
165 164 239 184 Poris.
255 165 284 184 De
299 163 492 191 resi'qnatxbenefic.
508 165 542 184 lib.
557 165 572 185 2
585 171 604 191 q.
621 165 633 184 1
648 172 670 184 n.
687 165 736 188 104‚·
771 168 776 174 “

65 195 193 220 unusquisque
207 195 258 214 euim
273 196 336 221 potest
346 195 459 214 renunciare
466 195 557 215 beneflcio
564 195 601 214 sibi
611 196 735 221 competenti,

66 228 107 244 tum
123 225 144 244 in
158 225 299 250 spiritualibus,
315 226 356 244 tum
371 226 391 244 in
411 225 548 251 temporalibus
562 226 591 245 uti
608 225 660 245 docet
676 225 735 245 Gara.

63 260 85 280 p.
100 254 115 275 2
128 261 171 280 cap.
187 255 201 274 3
215 262 237 274 η.
252 255 267 274 4
280 258 298 274 et
314 255 420 281 confirmat
439 255 528 275 Barbam
547 256 570 275 de
588 256 617 281 of.
633 259 651 275 el
663 259 734 281 potest.

65 284 137 304 Parae.
150 291 173 311 p.
188 284 203 306 2
216 292 259 311 cap.
277 285 312 306 29.
327 285 356 305 Ut
370 286 434 305 autem
454 286 575 305 renunciatio
592 285 657 305 valeat
673 286 736 306 tribus

66 316 120 335 debet
134 316 275 335 conditionibus
290 316 349 335 inniti
363 322 438 341 nempe,
454 316 503 341 quod
516 314 543 335 sit
557 316 671 342 spontanea,
687 316 737 342 quod

66 346 91 365 sit
104 347 204 371 acceptata
218 352 230 365 a
243 346 332 371 legitimo
346 346 442 371 superiore
457 347 476 365 et
490 346 539 371 quod
554 346 588 365 fiat
598 352 623 366 ex
631 353 696 370 causa,
707 353 737 366 se-

65 382 97 395 cus
111 382 150 395 uon
164 377 306 402 acceptaretur3
323 376 351 395 ita
365 382 404 395 una
417 376 464 395 echo
483 376 628 396 canonistarum
638 376 708 396 Schola
717 378 737 396 et

65 406 166 432 praecipue
179 406 319 432 Reiffensluel.
336 408 367 425 tit.
383 406 413 425 De
427 413 513 425 renunc.
529 409 574 426 sect.
585 407 596 425 1
605 413 627 425 n.
640 407 652 426 1
666 413 738 426 renun-

65 436 168 455 ciationem
183 436 276 455 definiens
290 437 339 462 quod
353 436 380 455 sit
398 439 509 462 spontanea
528 437 619 462 beneficii
637 436 736 456 Ecclesia*

64 467 110 485 slici
124 466 224 489 dimissio,
238 467 294 492 facta
308 473 376 486 coram
389 468 493 492 superiore
508 467 598 493 legitimo
612 473 657 486 eam
671 473 738 492 accep-

66 499 120 515 tante
132 504 149 515 ».
165 497 225 522 Atqui
239 497 260 516 in
274 496 324 516 facto
339 498 368 516 est
382 497 431 522 quod
446 497 533 516 sacerdos
542 496 565 516 L.
577 497 668 516 nuncium
682 497 737 516 misit

65 526 167 546 Paroeciae
182 528 201 546 et
215 527 256 546 eius
271 527 391 546 renunciatio
405 527 492 546 iuridicis
506 526 544 546 fuit
558 527 630 546 vestita
643 527 738 547 conditio-

65 557 128 577 nibus.
144 557 194 576 Sane
208 557 257 582 quod
271 557 384 576 Paroeciam
393 557 421 576 M.
431 557 533 580 dimiserit,
545 558 621 577 constat
630 563 655 576 ex
664 557 737 576 litteris

65 587 137 607 Decani
151 587 227 610 Oui-ati,
243 588 284 606 eius
293 587 370 606 nomine
380 587 404 606 ad
413 587 529 613 Episcopum
539 587 599 606 datis:
613 587 662 612 quod
672 588 737 606 autem

65 625 77 637 a
90 619 211 643 competente
225 617 340 637 auctoritate
357 617 415 637 fuerit
429 618 538 643 acceptata,
556 617 653 636 evincitur
666 623 691 636 ex
707 617 737 636 in-

65 648 180 668 formatione
194 648 254 674 ipsius
268 647 377 667 Ordiuarii:
392 647 442 673 quod
456 648 521 667 autem
533 647 593 666 fuerit
602 648 708 673 spontanea
717 648 737 667 et

65 684 103 697 non
117 678 211 701 coactiva,
222 680 242 697 et
252 678 304 697 facta
318 684 342 697 ex
358 684 422 701 causa,
440 684 465 697 ex
478 684 500 697 co
518 677 668 703 deprehenditur
686 677 736 702 quod

64 709 109 728 iniit
123 709 173 728 hanc
187 708 263 728 consilii
282 708 387 732 rationem,
403 709 504 733 postquam
521 708 586 727 omnia
605 707 734 733 expendisset.

65 739 129 761 Quare
142 739 163 758 iu
178 739 331 765 praesentiarum
345 738 407 758 locum
417 738 476 758 habet
485 738 534 763 quod
545 738 624 757 notatur
633 737 654 756 in
663 743 736 756 canone

67 770 134 791 Quam
144 769 284 794 periculosum
294 768 314 787 7.
330 775 349 794 q.
367 768 386 787 1.
402 774 427 787 ex
441 767 501 793 capit.
517 773 565 787 cum
575 769 630 786 inter
639 766 665 785 R.
678 766 705 785 16
714 766 737 786 de
770 774 771 777 ¹

63 800 148 819 eletione
162 801 233 818 iuncta
247 800 312 825 ylossa
327 798 400 818 ibidem
414 798 447 823 qui
462 798 499 817 iuri
510 804 543 817 suo
553 797 612 817 semel
626 797 735 820 renunciat,

64 836 103 849 non
117 830 181 856 potest
194 831 260 855 postea
274 829 297 848 ad
313 829 361 848 illud
375 828 444 848 redire.
460 828 509 847 Item
519 827 567 847 illud
577 827 678 852 vulgatum
688 827 738 852 quod

64 860 118 886 prius
137 862 179 879 erut
197 859 312 882 voluntatis,
328 860 394 885 postea
412 858 434 878 fit
453 858 574 878 necessitatis
590 857 641 884 Ary.
659 857 670 876 1
684 858 741 876 sicut*

66 890 132 909 Codio.
149 890 179 909 De
192 893 229 909 act.
244 893 263 909 et
276 890 357 915 obliqat.
373 889 507 915 Reiffenstuel
523 890 555 907 tit.
571 887 600 907 De
610 887 736 907 Renunciat-

80 935 84 939 .
100 919 115 940 2
129 926 150 939 n.
166 919 201 939 39.

63 921 77 946 ἓ
105 950 188 969 Parochi
201 949 289 969 Oratoris
308 949 406 968 contraria
424 948 504 967 assertio
524 947 679 973 parvipendenda
696 953 737 966 esse

62 980 150 1004 videtui-3
161 980 206 1006 quia
215 980 292 999 animus
306 979 410 999 sacerdotis
417 979 440 998 L.
452 978 518 998 varius
527 979 547 997 et
557 977 657 997 mutabilis
666 978 696 996 cst
706 977 737 996 in-

62 1011 107 1030 dole
121 1012 163 1034 su&
175 1013 194 1030 et
208 1010 236 1030 nil
250 1010 321 1029 mirum
331 1009 417 1036 proinde,
428 1010 445 1028 si
459 1009 508 1034 quod
518 1009 571 1034 prius
580 1008 663 1027 asseruit.
670 1009 737 1033 postea

61 1042 154 1067 denegat.
171 1041 223 1063 Quin
236 1040 303 1066 oggeri
317 1040 377 1066 possit
391 1040 441 1065 quod
454 1038 545 1065 Episcopi
552 1038 693 1061 testimonium,
704 1038 737 1057 ut-

61 1073 109 1097 pote
123 1072 144 1090 in
158 1077 215 1090 causa
230 1070 314 1096 propria,
329 1070 356 1089 sit
369 1070 488 1095 suspectum3
504 1068 561 1088 facile
575 1068 627 1087 enim
637 1068 689 1087 credi
698 1073 738 1087 non

61 1103 136 1127 potest,
152 1102 173 1121 ut
187 1102 216 1121 ait
229 1101 302 1120 Bened.
317 1100 365 1119 XIV
379 1097 467 1119 Goustit.¹
482 1098 534 1118 Cum
544 1098 598 1118 illud
606 1099 626 1123 ἓ.
639 1097 666 1117 16
679 1104 702 1117 n.
713 1097 727 1116 7
730 1112 735 1116 .

60 1132 168 1158 Episcopos
181 1138 227 1151 suae
241 1137 279 1151 non
293 1131 357 1150 minus
371 1136 428 1156 quam
438 1130 515 1150 alienae
524 1129 597 1149 salutis.
608 1128 655 1148 adeo
669 1128 738 1152 immeff
