885 1246
349 76 450 89 nmmum
701 73 733 90 ¹6³

101 102 290 122 Aump-nvnnsmtms
304 96 427 121 Dnrnusoms
440 108 528 122 vmcuu.
539 101 645 121 Praemisit
655 108 697 121 sese
706 102 732 121 li-

59 133 128 152 benter
142 132 259 152 sententiam
273 132 405 151 consultorum
419 132 518 157 amplecti,
535 138 573 157 qua
587 132 643 151 ambo
661 138 732 151 conve·-

61 162 279 186 niunt‚matrimonium
293 162 314 181 in
328 168 373 181 casu
382 161 470 181 validum
484 168 531 181 esse.
547 162 694 181 Animadvertit
704 163 734 181 ta-

58 199 106 214 ,men
121 193 142 212 in
156 193 231 218 primis,
242 193 304 212 totam
325 192 484 218 disceptationem
499 192 573 211 versari
587 192 608 211 in
622 192 732 215 statuendo,

62 220 128 242 utrum
142 222 244 242 affinitatis
264 222 424 248 impedimentum
446 222 466 241 in
481 228 526 241 casu
540 222 648 242 habendum
663 222 689 241 sit
703 222 734 241 uti

60 253 159 273 occultum
172 252 205 272 vel
218 258 268 276 nonz
284 254 304 272 et
318 253 383 271 utrum
393 253 413 271 et
422 252 498 277 quando
509 252 530 271 in
540 252 685 278 impedimentis
692 252 734 272 iuro

62 283 194 303 ecclesiastico
213 282 356 305 dirimentibus,
372 282 446 301 scilieet
460 282 481 301 in
494 282 577 302 secundo
591 282 652 308 gradu
665 289 690 302 ex
703 288 734 302 co-

63 313 109 339 pula
124 312 201 335 illicita,
212 312 313 338 Episcopis
327 312 450 338 dispensandi
464 314 550 338 potestas
564 312 598 332 sit.

103 343 206 362 Occultum
220 342 294 368 aliquid
308 349 348 362 esse
362 342 441 366 dicitur,
452 343 528 368 quando
542 343 588 362 licet
597 343 694 369 aliquibus
701 349 735 362 no-

63 374 113 396 tum,
124 379 163 392 non
177 374 206 392 est
220 374 286 392 tamen
300 374 368 392 notum
382 373 421 392 nisi
435 373 501 398 paucis
513 373 535 392 de
545 374 691 393 communitate.
703 373 735 392 Sic

63 404 84 423 in
98 409 159 429 parva
172 403 313 422 cummunitate
326 403 376 428 quod
390 403 462 423 duobus
471 403 503 422 vel
513 403 583 426 tribus,
594 405 614 423 et
623 404 645 423 in
655 410 733 429 magua,

62 434 112 459 quod
127 439 161 452 sex
174 433 206 452 vel
220 434 293 458 septem
308 434 374 452 notum
389 434 425 456 est,
439 433 536 452 occultum
554 433 638 457 dieitur;
658 434 688 453 ita
704 435 735 453 ta-

64 470 109 483 men
123 464 146 483 ut
159 464 233 482 certum
248 463 268 482 id
281 463 443 489 apprehendatun
460 463 509 483 illud
523 470 568 483 vero
582 470 620 483 uon
630 464 733 487 occultum,

63 494 114 519 quod
127 493 174 513 lieet
188 500 200 512 a
213 493 334 519 paucioribus
347 493 447 518 cognitum
462 494 482 512 in
495 493 578 519 periculo
588 495 655 513 tamen
664 495 701 517 est,
713 495 736 513 ut

64 524 121 543 facile
135 524 160 543 ad
174 523 256 543 aliorum
270 523 401 549 cognitionem
415 523 513 543 deveniat.
529 523 595 546 Quoad
614 524 736 544 matrimonii

64 554 203 580 impedimenta
217 553 313 573 occultum
327 560 368 573 esse
382 554 445 579 potest
460 554 491 573 vel
505 555 641 574 materialiter·
652 555 683 574 vel
692 555 736 580 for-

64 584 255 609 malstemprimum
262 589 305 603 cum
310 583 407 603 occultum
414 585 444 603 est
449 583 556 607 factum,ex
562 591 599 610 quo
606 585 669 604 oritur
676 585 737 611 impe-

63 614 184 637 dimentum;
199 614 312 633 secundum
326 620 370 633 cum
383 613 458 633 factum
464 615 532 634 notum
546 616 583 638 est,
592 615 625 634 sed
635 615 737 640 ignoratur

63 651 89 664 ex
102 650 124 664 eo
140 644 299 670 impedimentum
312 644 367 663 oriri.
384 644 411 663 At
425 644 457 663 hic
471 645 537 670 gravis
551 645 664 670 exagitatur
679 651 737 670 quae-

63 675 110 697 stio,
125 680 151 694 an
164 674 227 700 posita
237 673 291 693 facili
300 674 417 699 cognitione,
429 674 445 693 si
455 674 485 694 ius
495 674 601 699 ignoretur,
613 674 739 700 impedimen-

63 706 107 724 tum
121 704 237 730 simpliciter
250 704 347 724 occultum
361 704 399 723 dici
413 705 478 729 queat.
494 704 578 724 Plurimi
592 705 634 724 tum
650 706 733 728 veteres,

64 736 108 754 tum
122 735 238 754 recentiores
256 734 342 760 theologi
356 735 376 753 et
390 734 501 754 canonistae
515 735 535 754 id
549 735 655 754 affirmant.
676 735 737 754 Ratio

64 765 168 785 adducitur
181 771 193 784 a
207 765 306 784 Bonacina
320 765 341 784 in
355 767 413 784 tract.
429 765 452 784 de
467 765 505 791 leq.
521 765 573 791 disp.
589 765 608 784 1.
624 768 701 791 quaest.
714 764 735 786 2.

66 802 107 815 unc
130 794 151 816 2.
174 802 196 814 n.
219 795 239 814 7.
263 802 272 813 α
282 795 336 814 Addo
357 795 516 820 impedimentum
537 795 611 814 censeri
631 795 736 818 oecultum,

67 833 77 844 ›
93 825 170 844 etiamsi
185 831 214 844 res
228 825 271 850 ipsa
285 825 365 847 sciatur,
376 825 409 844 sed
423 825 524 850 ignoretur
530 825 634 844 secundum
642 825 739 845 rationem

67 863 77 874 ›
93 855 240 881 impedimenti,
256 861 289 874 seu
304 855 462 880 impedimentum
479 861 517 874 non
532 855 558 874 sit
572 855 677 881 publicum,
691 862 738 881 qua-

66 893 77 905 »
93 887 149 905 tenus
163 885 324 911 impedimentum
339 892 349 903 »
362 899 367 904 .
380 899 385 904 .
398 900 403 904 .
416 900 420 904 ,

106 915 268 941 Impedimentum
282 915 303 934 in
317 915 403 937 themate
417 915 481 934 visum
495 914 591 934 defensori
605 916 635 934 est
646 915 739 934 materia-

64 946 111 965 liter
125 947 145 965 et
159 945 267 965 formaliter
285 945 389 965 occultum.
412 945 501 964 Primum
515 945 561 970 quia
580 945 646 970 agitur
660 951 698 964 non
714 945 737 964 de

64 976 150 1002 simplici
164 976 252 995 amicitia
265 981 314 1001 quae
328 975 380 995 inter
394 975 474 994 Petrum
489 976 509 994 et
523 974 615 994 Sabinam
632 975 739 994 intercede-

64 1007 105 1029 bat,
117 1006 150 1025 sed
157 1006 180 1025 de
190 1005 299 1031 cognitione
308 1005 388 1031 copulae
397 1005 481 1025 earnalis
489 1005 541 1024 inter
550 1011 582 1024 eos
591 1005 677 1028 habitae,
689 1005 739 1030 quod

65 1038 118 1056 certe
132 1036 185 1056 nosci
199 1036 250 1055 haud
264 1037 348 1062 poterat,
359 1036 398 1055 nisi
412 1036 443 1055 illi
457 1035 634 1059 manifestaverint,
646 1035 691 1054 dum
701 1035 740 1054 Pe-

66 1068 108 1086 trus
118 1073 193 1092 semper
206 1066 294 1092 negavit,
306 1067 326 1085 et
340 1065 405 1085 forsan
419 1066 453 1085 uni
467 1065 554 1085 parocho
568 1065 631 1085 fassus
646 1067 683 1084 est.
706 1065 740 1084 Se-

66 1097 150 1116 cundum
164 1097 229 1116 autem
242 1096 287 1122 quia
301 1096 353 1115 inter
367 1097 426 1117 testes
442 1096 480 1115 duo
493 1095 627 1115 tantummodo
641 1096 738 1118 asserunt,

66 1128 227 1154 impedimentum
236 1127 338 1147 affinitatis
348 1127 399 1147 inter
408 1133 487 1153 sponsos
497 1126 580 1146 existere
590 1132 611 1145 se
617 1131 739 1151 cognoscere:

66 1160 87 1179 et
100 1159 146 1185 quia
160 1159 258 1179 Par-ochus
272 1159 313 1184 ipse
327 1158 486 1185 impedimentum
507 1157 672 1181 animadvertens,
690 1156 741 1177 illud
